2934 4925
443 361 682 425 ’7744-

445 520 657 573 cedenti
679 517 897 587 intelligi
915 528 1109 586 posset.
1177 521 1334 576 Nune
1353 536 1508 572 unum

445 603 583 652 hunc
620 601 850 652 codicem
889 608 1071 650 contra
1107 600 1322 650 aliorum
1347 603 1509 650 omni-

448 694 534 728 um
559 678 1233 729 testimouiumsudiendum
1251 691 1350 727 non
1372 679 1511 727 arbi·

449 763 579 806 tror.
636 756 882 806 Ceterum
904 770 1007 818 quoe
1030 754 1168 818 (quia
1187 755 1313 821 vir-‚es
1330 757 1393 804 od
1413 771 1512 805 om·

444 835 530 883 niu
538 833 744 893 ferenda
757 831 977 897 deerunt)
996 835 1029 896 ᾄ
1038 832 1513 896 relinquenduhabet

447 909 598 960 Voss.
636 915 682 959 1.
746 911 875 960 Mox
906 911 1223 960 consultantes
1255 910 1460 960 exsulat
1481 926 1513 961 a

450 985 581 1035 Lov.
604 991 654 1036 4.

520 1065 700 1120 Quisve
742 1078 799 1114 eu
837 1065 965 1113 locus
992 1062 1136 1127 fideli
1177 1063 1514 1114 admotum

447 1140 663 1189 emedio
680 1140 823 1203 esset]
875 1140 1058 1195 Quisne
1083 1154 1139 1189 ea
1160 1141 1291 1188 loeus
1311 1141 1437 1190 Lov.
1458 1146 1512 1191 2.

450 1231 568 1267 cum
592 1216 713 1267 edd.
733 1217 884 1266 Rom.
911 1219 1058 1266 1472.
1082 1223 1137 1266 et
1160 1217 1335 1267 Parm.
1380 1217 1515 1266 Vide

448 1292 551 1342 hoc
571 1294 662 1344 lib.
687 1307 732 1342 c.
751 1297 833 1342 28.
852 1294 881 1357 §
903 1297 949 1341 5.
981 1292 1117 1356 quive
1138 1308 1194 1342 eu
1214 1295 1341 1343 locus
1364 1294 1516 1344 Port.

450 1376 508 1419 et
528 1367 710 1432 fragm.
734 1368 874 1418 Hav.
919 1369 1087 1430 Supra
1112 1382 1177 1420 ιι.
1196 1373 1245 1420 7.
1261 1372 1277 1397 ‘
1297 1368 1515 1419 Adeone

452 1451 533 1494 est
554 1444 777 1495 fundata
799 1445 985 1496 leviter
1004 1445 1156 1508 fides,
1191 1454 1269 1502 ut,
1291 1446 1378 1496 nbi
1401 1447 1527 1511 sim,

452 1536 606 1585 quam
629 1522 715 1587 qui
740 1523 852 1578 sim,
876 1523 1035 1587 magis
1059 1521 1254 1574 referat
1269 1523 1306 1573 ?'
1337 1537 1416 1573 vr.
1432 1527 1517 1574 82.

453 1598 615 1658 6Ωιιί,
652 1599 697 1647 si
732 1599 820 1662 qui
854 1598 974 1648 alibi
1010 1607 1177 1649 motus
1201 1601 1518 1663 exstitisset,

453 1672 520 1723 ad
543 1674 716 1724 subita
739 1675 862 1724 belli
880 1676 1016 1725 mitti
1040 1683 1216 1739 posset
1237 1674 1272 1724 ε’
1294 1676 1383 1725 ubi
1398 1676 1516 1725 vide

454 1749 573 1799 alia.
642 1750 893 1801 Phaedrus
919 1751 1045 1801 Fab.
1065 1766 1107 1801 1.
1133 1756 1212 1801 13.
1234 1758 1284 1802 6.
1316 1753 1334 1782 ‘
1354 1754 1404 1805 Ο
1429 1755 1515 1819 qui

452 1832 682 1889 tuarum,
717 1842 894 1885 corve,
916 1842 1201 1893 pennarum
1224 1837 1306 1879 est
1328 1830 1470 1880 nitor
1487 1830 1522 1879 l’

454 1902 542 1950 ubi
580 1903 702 1953 vide
737 1904 917 1953 Burin.
993 1905 1146 1955 Adde
1184 1906 1415 1955 Cor-tium
1453 1905 1519 1955 ad

453 1978 669 2029 Sallust.
693 1981 812 2030 Cat.
834 1997 882 2031 e.
901 1985 984 2031 44.
1011 1984 1039 2045 §
1074 1987 1124 2031 5.
1152 1990 1308 2045 atque
1338 1980 1521 2032 Arntz.

456 2053 523 2101 ad
549 2053 708 2104 Auct.
732 2054 798 2104 de
823 2057 973 2119 Orig.
1007 2056 1167 2107 Geut.
1198 2058 1347 2106 Rom.
1367 2072 1416 2106 e.
1437 2061 1521 2107 21.

456 2131 565 2181 Hie
604 2139 778 2181 tumen
819 2135 1033 2184 dirorum
1071 2148 1249 2184 eorum
1285 2135 1523 2185 codicum

460 2208 741 2258 auctoritas
779 2210 942 2260 levior
978 2218 1077 2272 est,
1105 2224 1259 2274 quam
1283 2218 1342 2261 ut
1376 2212 1524 2275 sequi

460 2283 696 2335 sudeam.
749 2287 871 2343 Quis
887 2302 944 2336 eu
965 2289 1093 2336 locus
1114 2287 1254 2336 Hav.
1287 2288 1526 2350 quisnam

461 2358 563 2407 locu
593 2359 811 2410 Gaertn.
878 2364 1083 2412 Deinde
1106 2362 1526 2427 fideltconserva·

345 2436 364 2451 ·
462 2438 599 2483 turus
618 2437 830 2486 custodia
846 2437 994 2488 Leid.
1010 2441 1061 2488 2.
1095 2438 1240 2504 fideli
1254 2445 1529 2492 asservatus

461 2513 678 2562 custodia
699 2514 919 2563 Gaertu.

529 2591 559 2652 ξ
582 2594 616 2638 8Ἰ
649 2591 892 2653 Optimum
906 2594 1106 2656 ducunt,
1126 2594 1317 2643 conditu
1334 2594 1390 2642 in
1406 2595 1528 2644 doli-

462 2665 555 2716 olis
572 2669 741 2716 sacello
770 2669 1005 2733 proximo,
1023 2671 1105 2733 ἔμ’.
1130 2669 1368 2732 defodere]
1403 2672 1526 2722 Fes-

464 2750 549 2793 tus
569 2743 621 2792 in
654 2743 672 2771 ‘
692 2743 960 2795 Doliolaz’
1006 2752 1020 2774 ⁸
1041 2745 1272 2803 Doliola,
1305 2746 1451 2796 locus
1475 2747 1529 2796 in

464 2818 612 2868 Urbe
633 2820 708 2869 sic
731 2830 961 2883 vocatus,
995 2823 1134 2887 quis.
1164 2822 1530 2873 invadentibus

465 2895 635 2945 Gallis
655 2898 941 2947 Senonibus
960 2898 1178 2961 Urbem,
1199 2912 1348 2948 sacra
1367 2897 1420 2948 in
1442 2914 1532 2949 eo·

465 2973 585 3021 dem
629 2975 745 3023 loco
782 2975 982 3024 doliolis
1028 2975 1259 3039 reposita
1301 2972 1539 3039 fuerunt,

466 3063 571 3113 qua
591 3049 658 3099 de
688 3065 873 3102 caussa
904 3052 958 3101 in
989 3051 1174 3103 eodem
1211 3053 1326 3100 loco
1353 3066 1418 3101 ne
1441 3052 1533 3102 de-

467 3140 655 3189 spuere
697 3127 902 3191 quidem
937 3129 1090 3178 alicui
1133 3127 1359 3178 licebat.'
1427 3128 1535 3179 Sed

417 3232 428 3237 -
468 3202 625 3252 aliter
650 3203 817 3252 Varro
842 3204 906 3254 de
934 3205 1085 3269 Ling.
1109 3206 1230 3255 Lat.
1266 3206 1355 3256 lib.
1376 3220 1456 3255 lv.
1482 3221 1537 3271 p.

471 3281 554 3327 37.
587 3280 603 3307 ‘
633 3280 730 3328 Est
768 3282 930 3338 locus,
968 3281 1058 3345 qui
1099 3288 1313 3332 vocatur
1348 3283 1538 3333 doliola

469 3354 538 3404 ad
570 3356 797 3406 cloacem
821 3359 1115 3419 maximam,
1148 3358 1238 3408 ubi
1274 3373 1378 3408 non
1409 3361 1538 3410 licet

471 3431 747 3496 despuere,
781 3450 813 3483 a
849 3435 1055 3484 doliolis
1092 3434 1187 3484 sub
1211 3443 1366 3486 terra.
1433 3436 1537 3486 Eo·

471 3523 586 3558 rum
613 3510 728 3559 duan
753 3511 959 3561 traditae
981 3512 1243 3562 historias:
1278 3512 1414 3576 quod
1448 3513 1539 3562 alii

471 3598 586 3634 esse
612 3586 757 3636 aiunt
779 3601 897 3637 ossa
919 3587 1229 3637 cadaverum
1251 3604 1265 3637 ε
1302 3590 1388 3638 alii
1426 3588 1539 3638 Nu-

472 3675 573 3709 mae
598 3661 841 3724 Pompilii
866 3664 1109 3725 religiosa
1142 3663 1378 3727 quaedam
1419 3671 1541 3728 post

473 3745 690 3787 mortem
714 3742 824 3804 ejus
847 3738 1078 3788 infossa?
1113 3740 1289 3789 Kloek.
1354 3740 1540 3790 Florus

473 3828 515 3862 ι.
532 3819 614 3863 13.
629 3817 646 3844 ‘
662 3815 926 3880 Quidquid
945 3816 1318 3879 religiosissimi
1334 3816 1388 3865 in
1410 3825 1543 3866 tem-

476 3889 576 3951 plis
600 3895 732 3949 erat,
757 3892 941 3953 partim
965 3892 1016 3940 in
1031 3890 1183 3940 doliis
1208 3888 1418 3940 defossa
1440 3901 1543 3941 ter·

478 3977 552 4012 1·ae
574 3966 876 4022 recondunt,
903 3967 1091 4029 partim
1121 3967 1347 4031 inposita
1370 3970 1543 4031 plaus-

477 4039 765 4088 tris·secum
789 4039 1067 4091 auferunt.’
1102 4043 1348 4093 Ceterum
1365 4045 1547 4105 optima

477 4118 654 4166 ducunt
691 4115 839 4164 Leid.
873 4120 923 4165 2.
966 4120 1195 4180 optimum
1214 4121 1379 4171 dieunt
1417 4121 1544 4170 Lov-

479 4195 531 4240 2.
570 4190 770 4240 centies
811 4191 966 4240 obvio
1011 4207 1203 4243 errore.
1289 4195 1425 4244 Vide
1477 4197 1542 4245 ad

481 4281 730 4318 xxxvm.
751 4272 832 4318 43.
855 4270 883 4333 §
908 4272 957 4318 l.
999 4268 1270 4321 Praeterea
1290 4269 1417 4322 Aut.
1437 4272 1544 4323 Pe-

1139 375 1357 425 NOTAE
1407 375 1809 430 vAnloRuM
1866 379 1943 429 m

1590 523 1747 575 rizon.
1764 523 1828 574 ad
1853 522 2133 587 marginem
2146 522 2294 573 Livii
2316 522 2657 573 scribendum.

1585 591 1904 650 existimavit
1936 601 2126 649 conditu
2163 601 2350 650 doliolis
2391 602 2447 650 in
2481 603 2653 650 sacello

1581 677 1817 740 proximo.
1883 678 2126 726 caussam
2151 676 2472 734 mutationis,
2495 691 2650 741 quam

1586 755 1776 803 nullam
1822 754 1995 817 video,
2037 754 2299 817 aperuisse
2345 754 2551 818 vellem,
2596 761 2656 803 ut

1578 830 1852 895 judicandi
1875 833 2019 881 locus
2042 839 2196 880 esset.

1656 909 1752 958 Uen·
1775 923 1897 958 nunc
1917 909 2083 972 despui
2105 906 2280 970 religio
2299 913 2390 968 est,
2409 905 2656 970 defodere]

1592 983 1687 1033 Uen·
1706 1000 1830 1035 nune
1846 986 2013 1049 despui
2025 986 2255 1049 religione
2270 984 2488 1045 defodere
2504 983 2660 1031 Voss.

1586 1066 1637 1112 2.
1661 1069 1717 1112 et
1736 1063 1930 1112 Lov.8.
1953 1062 2047 1112 sed
2071 1063 2320 1130 scriptum
2343 1060 2517 1110 fuerat
2539 1059 2656 1109 reli-

1582 1136 1670 1200 gio
1699 1141 1725 1186 ὃ
1763 1153 1858 1202 per
1879 1137 2266 1202 compendium,
2299 1137 2480 1187 divisis
2517 1137 2657 1186 voci·

1590 1214 1707 1275 bus,
1755 1229 1873 1278 quae
1915 1221 2101 1277 postea
2135 1214 2264 1265 male
2306 1212 2660 1263 cohaeserunt.

1588 1290 1857 1349 Defendere
1889 1289 2077 1354 fragm.
2121 1290 2264 1339 Hav.
2302 1304 2336 1338 a
2368 1304 2439 1338 m.
2477 1302 2559 1351 pr.
2600 1293 2660 1337 et

1590 1365 1720 1416 Lov.
1743 1371 1792 1415 6.
1826 1366 2079 1426 dsfoeders
2100 1366 2240 1416 HaV.

1660 1445 1832 1494 Cetera
1852 1446 1981 1494 inter
1998 1457 2049 1494 se
2069 1458 2208 1493 onem
2225 1442 2407 1505 partito
2426 1441 2663 1501 seruntur

1588 1519 1687 1578 viu,
1710 1521 1836 1585 σιω]
1887 1520 2188 1585 Legendum
2201 1519 2376 1578 serunt
2395 1519 2491 1575 via,
2527 1525 2663 1567 tam·

1591 1600 1691 1648 etsi
1756 1597 2079 1662 refragrante
2135 1601 2315 1645 vetere
2379 1595 2661 1658 scriptura.

1594 1675 1757 1725 Rhea.
1811 1671 1948 1725 Inter
1968 1689 2020 1724 ee
2037 1680 2195 1724 cetera
2218 1674 2342 1723 Lov.
2362 1675 2413 1720 4.
2434 1677 2486 1721 6.
2508 1669 2663 1721 Harl.

1592 1757 1642 1803 2.
1667 1753 1819 1803 Port-
1841 1759 1899 1802 et
1923 1752 2059 1801 Hav.
2119 1752 2248 1800 Tum
2272 1750 2446 1798 honore
2478 1748 2666 1812 partito

1594 1828 1747 1879 Leid.
1784 1831 1830 1878 1.
1869 1835 1923 1878 et
1954 1826 2140 1891 fragm.
2164 1825 2302 1876 Hsv.
2323 1840 2355 1874 a
2374 1841 2443 1876 ιιι.
2467 1823 2549 1889 ρι.
2578 1825 2663 1874 Ito-

1593 1918 1706 1954 nere
1724 1904 1907 1968 partito
1929 1920 1959 1953 a
1981 1919 2052 1953 m.
2073 1918 2179 1952 sec.
2211 1901 2348 1952 Vide
2370 1901 2439 1950 ad
2461 1910 2679 1950 xxxvi:

1592 1984 1677 2032 40.
1714 1984 1743 2046 ς
1780 1985 1830 2032 9.
1894 1981 2026 2029 Τιιιιι
2048 1980 2283 2040 suuntur
2318 1978 2398 2028 eiu
2431 1977 2584 2028 Leid.
2618 1981 2668 2028 1.

1597 2057 1733 2107 ιον.
1765 2062 1813 2109 1.
1847 2057 1998 2107 Harl.
2036 2061 2081 2106 1.
2122 2056 2345 2106 Guertn.
2380 2062 2438 2105 et
2474 2052 2673 2118 fragm.⁸

1596 2132 1739 2184 Hav.
1762 2148 1878 2182 a-m.
1899 2147 2005 2182 sec.
2029 2131 2080 2181 in
2102 2146 2205 2196 quo
2226 2146 2258 2180 a
2280 2146 2350 2180 m.
2385 2144 2467 2194 pr.
2490 2129 2672 2179 fuerat

1583 2210 1854 2270 feriuntur.
1929 2211 2085 2273 Saepe
2122 2209 2318 2258 ultime
2353 2208 2475 2256 illae‘
2502 2207 2669 2257 literae

1596 2303 1678 2352 ur,
1713 2289 1820 2338 sive
1857 2289 2151 2338 terminatio
2189 2289 2463 2338 tertiarum
2490 2302 2669 2350 perso·

1599 2379 1777 2414 narum
1810 2363 1992 2413 forme
2033 2364 2278 2429 passiva»,
2319 2379 2598 2428 perperam
2640 2380 2671 2414 a

1600 2439 1828 2490 librariis
1850 2441 2129 2491 adduntur.
2201 2440 2332 2491 Vide
2354 2440 2418 2489 ad
2459 2453 2672 2492 xxxix.

1584 2516 1684 2566 ’22.
1707 2517 1736 2581 §
1760 2521 1808 2566 8.
1858 2518 2041 2567 Ferunt
2061 2517 2161 2579 viu,
2184 2525 2242 2567 ut
2274 2517 2559 2567 Rhenanus
2584 2533 2671 2568 vo·

1602 2593 1722 2649 luit,
1742 2591 1937 2641 liabent
1957 2593 2140 2658 reliqui
2165 2592 2320 2642 codd.
2358 2607 2531 2656 neque
2568 2593 2672 2644 dis-

1604 2670 1826 2719 sensisse
1850 2669 2094 2719 videntur
2117 2669 2541 2731 Osonienses‚ex
2560 2671 2671 2735 qui-

1604 2745 1701 2795 bus
1728 2746 1936 2795 Hearue
1961 2746 2085 2794 nihil
2111 2746 2332 2809 notavit,
2362 2746 2674 2806 lit-,etsem-

1605 2825 1687 2869 tur
1708 2820 1759 2869 in
1784 2822 2018 2870 Romana
2036 2822 2120 2869 ed.
2141 2821 2307 2883 princ.
2324 2822 2543 2871 inveniri
2563 2837 2673 2872 mo-

1605 2899 1797 2949 nuerit.
1861 2899 1942 2948 Ex
1964 2897 2118 2947 editis
2143 2907 2318 2948 autem
2342 2898 2520 2958 serunt
2551 2908 2675 2950 ante

1609 2973 1919 3024 Rhenanam
1954 2974 2064 3039 jam
2104 2974 2341 3025 exhibuit
2383 2975 2674 3026 Frobenius

1610 3054 1755 3101 1531.

1636 3137 1655 3159 0
1673 3129 1703 3190 ξ
1738 3130 1772 3176 9
1807 3126 1866 3174 In
1887 3141 1942 3175 eo
1963 3126 2082 3176 clivo
2100 3142 2180 3177 eus
2197 3143 2338 3191 quum
2366 3129 2428 3177 L.
2451 3128 2677 3189 Albinus,

1607 3204 1669 3253 de
1688 3202 1820 3266 plebe
1842 3203 2060 3253 Romanu
2081 3204 2239 3268 homo]
2263 3205 2507 3254 Valerius
2524 3206 2675 3255 Max·

1611 3278 1744 3328 imus
1765 3291 1804 3327 ι.
1826 3281 1872 3327 1.
1897 3292 1980 3327 ex.
2003 3282 2083 3327 1⁰.
2132 3279 2194 3329 L.
2213 3280 2469 3330 Alaunium
2506 3288 2675 3338 voest,

1612 3354 1706 3404 sed
1731 3368 1929 3416 errore,
1964 3361 2021 3403 ut
2061 3364 2209 3418 puto,
2240 3356 2500 3405 codicum.
2538 3358 2680 3409 Glar.

1611 3432 1736 3480 Vet.
1763 3430 1854 3479 lib.
1876 3429 1938 3478 L.
1959 3428 2201 3479 Albinius.
2262 3431 2510 3480 Valerius
2550 3433 2674 3482 item

1612 3506 1890 3566 Maximus,
1944 3512 2005 3554 ut
2048 3514 2129 3555 est
2173 3506 2225 3554 in
2266 3507 2397 3556 Mss.
2453 3509 2680 3559 Albinius

1613 3591 1780 3632 recte.
1846 3582 1945 3630 Est
1980 3582 2117 3630 enim
2158 3596 2344 3631 nomen
2376 3586 2547 3644 gentis
2574 3586 2681 3649 ple·

1613 3657 1767 3719 beiae,
1799 3670 1901 3705 non
1926 3671 2210 3720 cognomen
2246 3659 2480 3720 patriciae
2517 3667 2531 3689 ⁸
2552 3662 2681 3711 Pos-

1616 3730 1830 3782 tamise!
1851 3730 2020 3794 Sigon.
2084 3732 2146 3781 In
2166 3747 2221 3780 eo
2237 3733 2358 3782 clivo
2378 3749 2458 3783 eos
2479 3735 2617 3785 Lov.
2634 3741 2684 3787 4.

1618 3808 1765 3858 Harl.
1791 3811 1917 3871 λοι
1943 3809 2090 3857 Pon,
2123 3810 2237 3872 Eos,
2257 3807 2518 3862 flaminem
2540 3829 2685 3864 nem·

1619 3900 1686 3949 pe
1709 3884 2027 3936 Quirinalem
2053 3894 2110 3933 et
2145 3886 2366 3948 virgines
2400 3887 2679 3941 Vestales:

1618 3961 1765 4024 quasi
1783 3959 1960 4009 Livius
1974 3960 2039 4009 ad
2057 3960 2263 4023 dignius
2281 3974 2444 4025 genus
2467 3979 2679 4030 respex-

1618 4038 1740 4088 erit.
1793 4037 1896 4086 Sed
1922 4037 2108 4101 reliqui
2131 4036 2286 4088 codd.
2311 4040 2574 4103 vulgstum
2599 4050 2679 4093 tu·

1619 4121 1788 4164 entur.
1864 4114 2125 4167 Similiter
2145 4114 2297 4164 etiam
2323 4115 2501 4165 Valer-
2535 4119 2679 4169 Max.

1619 4192 1721 4241 loc.
1756 4189 1896 4239 laud.
1928 4191 1943 4217 ‘
1964 4188 2134 4239 Quum
2169 4188 2358 4240 flamen
2394 4186 2706 4243 Quirinalis*

1619 4267 1950 4333 virginesque
1966 4265 2210 4316 Vestales
2226 4281 2373 4318 saera
2388 4281 2543 4320 onere
2563 4283 2679 4332 par·
