2934 4925
701 421 771 471 ι’.
820 421 1008 471 mvn
1058 420 1258 473 ms‘r.
1304 423 1451 474 mn.
1499 425 1605 474 vt.
1650 426 1816 479 csr.
1858 412 1966 480 24.

223 560 383 623 codd.
408 567 638 616 servant.

292 638 546 701 Spectator
590 641 803 690 intentus
844 641 898 691 in
939 649 1109 694 euentu
1150 643 1298 695 alieni

225 715 420 766 consuis·
458 717 703 782 constitit]
735 719 959 770 Intentus
998 719 1050 769 in
1084 725 1298 770 mentm

227 793 456 843 Gaertu.
508 795 576 844 Et
601 795 679 844 ita
698 795 976 847 ediderunt
1000 798 1157 846 etiam
1184 798 1297 847 Me-

226 868 559 920 diolanenses
582 873 878 938 l505.quod
894 874 1085 923 deiude
1106 873 1299 924 Ascen-

226 945 335 995 sius
377 950 528 997 1513.
566 957 622 996 et
670 952 815 999 1510.
861 950 1147 1014 adoptavit.
1210 951 1299 1000 Ita

225 1033 329 1070 vu.
356 1025 440 1071 19.
475 1023 491 1050 ‘
519 1022 581 1071 In
608 1022 800 1074 bellum
825 1025 1106 1075 Etruscum
1128 1022 1297 1076 inten-

222 1103 333 1147 tam
357 1097 630 1149 civitatem
656 1100 816 1165 legati
853 1103 1025 1152 Latini
1059 1102 1124 1163 ad
1147 1103 1298 1153 Vols·

224 1187 315 1222 cos
359 1176 706 1226 convertere?
753 1190 833 1228 tx.
875 1182 957 1228 24.
1008 1187 1023 1211 ⁴
1048 1179 1203 1242 Fore,
1237 1184 1298 1230 ut

221 1249 395 1300 miuus
422 1250 642 1302 intenta
669 1252 720 1302 in
742 1255 1029 1304 custodiam
1062 1255 1199 1306 urbis
1221 1255 1297 1306 di·

223 1341 373 1378 urnae
415 1329 672 1385 ¹stationes
706 1343 768 1380 ac
800 1341 1072 1397 nocturnae
1102 1333 1296 1396 vigilia

219 1398 440 1454 essent?
476 1418 622 1456 xxu.
653 1411 737 1458 15.
768 1408 784 1436 ‘
813 1406 1003 1459 deius
1026 1410 1225 1474 pariter
1246 1413 1296 1461 in

220 1494 343 1531 suos
367 1481 505 1530 haino
535 1482 704 1533 minus
738 1498 886 1548 quam
924 1485 975 1534 in
1009 1486 1184 1535 hostes
1218 1485 1298 1535 in·

219 1556 440 1608 tentus·’
472 1570 654 1608 xxxv.
691 1564 776 1611 42.
809 1567 825 1589 ‘
848 1561 1074 1611 Intentis
1116 1564 1171 1612 in
1206 1561 1296 1611 ad-

218 1641 471 1701 paratum
512 1637 634 1688 novi
671 1638 796 1688 belli
831 1640 1093 1700 Romanis,
1127 1654 1193 1690 ne
1228 1640 1296 1692 ab

219 1712 497 1764 Antiocho
515 1713 725 1778 quidem
746 1715 1081 1766 cessabatur!
1112 1731 1191 1770 tv.
1213 1721 1298 1768 27.

219 1791 237 1818 ⁸
258 1789 512 1840 Intentos
536 1791 771 1842 homines
803 1791 858 1841 in
891 1799 1136 1843 eventum
1161 1794 1298 1856 peri·

217 1866 321 1916 culi
349 1867 530 1932 alieni,
555 1883 650 1932 pro
672 1882 729 1919 se
755 1869 1012 1927 incautos,
1039 1870 1297 1934 neglectis

221 1942 415 2006 vigiliis
457 1944 871 2010 stationibusque
899 1952 994 2001 ,est
1030 1944 1296 1996 adortus.'

222 2019 313 2068 nbi
327 2020 432 2070 alia
447 2021 587 2071 vide.
622 2021 727 2072 Sed
751 2036 848 2072 nec
866 2022 1299 2088 vulgatum‚quod

221 2096 414 2161 reliqui
436 2095 594 2147 codd.
619 2112 772 2150 manu
796 2106 852 2148 et
882 2100 1023 2163 typis
1045 2098 1299 2161 descripti

223 2180 462 2231 tuentur,
490 2182 687 2224 temere
711 2176 1032 2226 mutandum.
1097 2174 1302 2225 Namin

222 2256 398 2302 euentu
420 2252 571 2302 atim·
596 2253 787 2303 consilii
819 2267 921 2302 non
956 2266 1170 2303 necesse
1202 2258 1300 2307 est,

222 2336 280 2379 ut
302 2329 571 2380 referatur
594 2330 659 2380 ad
701 2332 719 2360 ‘
743 2329 1014 2390 intentus‚’
1055 2343 1211 2392 quum
1245 2333 1302 2378 et

225 2405 396 2472 possit
419 2405 486 2455 ad
507 2405 809 2470 praecedens
832 2405 847 2433 ‘
863 2407 1167 2469 spectator!
1199 2404 1300 2454 Lo-

225 2500 343 2538 cum
371 2487 457 2535 vel
478 2487 550 2538 ita
564 2484 897 2550 capiendum,
914 2485 994 2535 vel
1010 2484 1064 2533 ιἰι
1081 2487 1303 2534 wentam

227 2562 613 2613 emendandum
645 2577 781 2627 esse,
817 2562 977 2612 etiam
1023 2562 1301 2627 Doujatius

226 2642 450 2694 monuit.
518 2640 791 2690 Proeterea
814 2639 1029 2689 verbum
1051 2637 1303 2688 conditus}

224 2716 568 2781 neglegentia
610 2716 796 2767 scribae
839 2716 1083 2766 omissum
1126 2722 1208 2766 est
1247 2716 1300 2765 in

226 2793 379 2843 Voss.
406 2797 458 2843 2.
519 2793 705 2843 Paullo
728 2798 852 2842 ante
884 2792 1039 2841 edicto
1066 2793 1183 2856 loco,
1206 2806 1301 2856 pro

226 2869 352 2920 edito
366 2871 485 2934 Ioco,
505 2870 633 2919 Lov.
649 2873 698 2918 l.
731 2868 865 2918 Vide
883 2868 946 2917 ad
966 2880 1044 2918 xx
1054 2882 1094 2919 1.
1112 2873 1196 2919 62.
1210 2870 1237 2934 §
1252 2872 1303 2919 7.

318 2947 463 2997 ΟΑΡ.
499 2960 661 2996 xxiv.
712 2948 742 3012 ξ
777 2951 811 2996 2
864 2945 1014 2995 Lenis
1057 2946 1117 2996 ob
1168 2951 1304 3007 tergo

227 3024 377 3074 cliens
410 3030 514 3073 erut
554 3025 684 3074 inter
713 3023 865 3074 oriem
894 3029 945 3074 et
976 3022 1161 3087 cestra]
1194 3023 1303 3074 Ad·

235 3099 349 3150 dita
373 3114 503 3150 voce
537 3115 657 3162 uua,
688 3099 945 3150 numlem's
982 3101 1161 3151 Lovel.
1182 3102 1232 3149 4.
1254 3104 1305 3149 5.

227 3176 388 3226 Harl.
427 3181 479 3227 2.
533 3177 756 3241 Portug.
801 3177 1027 3227 Gaertn.
1072 3175 1305 3225 Haverk.

226 3251 416 3316 fragm.
467 3252 705 3301 Haverk.
737 3267 769 3302 a
802 3267 871 3302 m.
920 3266 1027 3301 sec.
1072 3251 1124 3300 in
1170 3265 1304 3300 mar·

226 3330 373 3393 gine,
398 3335 454 3378 et
484 3328 703 3377 Hearnii
729 3328 906 3378 Oxou.
935 3321 1014 3376 Β.
1030 3328 1201 3379 Quum
1227 3333 1304 3376 ta-

228 3420 347 3455 men
363 3406 678 3469 integriores
693 3404 848 3455 codd.
859 3411 1158 3455 constanter
1172 3405 1305 3454 hanc

229 3483 468 3532 voculam
505 3483 765 3545 ignorent,
789 3482 958 3531 verius
992 3490 1140 3546 puto,
1163 3482 1304 3532 illem

228 3557 331 3608 hoc
353 3560 473 3609 loco
497 3559 728 3608 additam
753 3573 869 3609 esse
893 3558 958 3609 ab
981 3560 1059 3615 iis,
1082 3560 1169 3624 qui
1191 3560 1305 3611 sine

230 3649 295 3686 ea
307 3635 595 3686 orationem
609 3635 875 3685 Livianam
896 3635 1027 3684 male
1043 3629 1305 3685 coherere

230 3712 623 3764 existimarunt.
663 3710 820 3761 Vide
858 3710 924 3759 ed
963 3722 1022 3759 x-
1055 3714 1136 3760 17.
1160 3712 1189 3774 §
1225 3715 1306 3760 10.

232 3787 449 3840 Deinde
474 3788 596 3850 legis
611 3788 764 3837 clivus
780 3786 928 3838 Leid.
948 3792 996 3837 1.
1029 3787 1309 3837 lerisclivus

230 3866 389 3915 Voss.
422 3864 596 3922 ambo,
629 3864 753 3913 [ιον.
792 3868 838 3912 1.
870 3867 918 3913 3.
939 3868 988 3913 4.
1011 3845 1057 3913 5.
1084 3862 1225 3912 Hav.
1249 3872 1306 3913 et

238 3940 427 4007 fragm.
450 3940 594 3991 Hav.
633 3955 665 3989 ι
699 3954 767 3989 ιιι.
790 3954 871 4003 pr.
895 3939 946 3989 in
983 3954 1084 4002 quo
1107 3946 1250 3988 recte
1275 3955 1307 3989 ι

2254 414 2432 506 ⁷⁹93

1371 582 1550 620 omnes
1572 585 1737 637 usque
1762 572 1828 635 ad
1852 570 2084 627 Gronov.
2109 572 2196 638 qui
2216 572 2277 624 ob
2295 579 2434 647 tergo

1371 646 1671 712 substituit,
1711 648 1847 714 quod
1885 649 2073 715 reliqui
2108 650 2293 715 scripti
2328 665 2436 700 ser-

1372 730 1520 787 vant,
1537 724 1635 774 nisi
1659 724 1797 790 quod
1821 725 1968 775 Leid.
1991 730 2039 775 1.
2069 725 2252 776 scribta
2281 726 2435 777 aber-

1371 801 1570 851 ratione
1591 803 1656 851 od
1676 807 1813 863 tergo
1832 801 2098 864 praferat.

1436 875 1636 939 Aliquot
1655 877 1838 926 validos
1855 877 2066 926 cohortes
2085 875 2137 926 in
2159 877 2336 926 castris
2351 892 2433 928 or-

1369 956 1523 1002 natos
1535 950 1884 1017 instructosque
1900 953 2207 1018 reliquerant]
2226 953 2437 1018 Aliquod

1370 1027 1559 1077 validus
1582 1028 1728 1078 Leid.
1754 1032 1802 1077 1.
1826 1029 1976 1078 Harl.
1999 1033 2048 1078 l.
2079 1036 2135 1078 et
2164 1030 2311 1081 Voss.
2335 1034 2378 1079 1.
2401 1044 2436 1081 n

1372 1117 1442 1152 ιιι.
1463 1118 1546 1167 pr.
1581 1102 1849 1154 Facillime
1883 1105 1965 1155 hic
2001 1118 2147 1154 error
2181 1106 2437 1157 committi

1373 1172 1549 1243 ‘potuit
1578 1194 1610 1229 a
1634 1180 1863 1245 librario,
1895 1181 1982 1246 qui
2017 1182 2234 1231 alterum
2270 1183 2435 1234 verba

1372 1263 1691 1320 praeeuntem
1713 1258 2042 1323 sequebatur,
2064 1257 2204 1322 quod
2226 1258 2280 1308 in
2304 1273 2433 1311 sono

1368 1332 1566 1381 nullum
1599 1331 1734 1384 foret
1768 1333 2065 1384 discrimen.
2132 1334 2218 1384 Ita
2250 1350 2436 1399 pecca-

1371 1407 1530 1459 batur
1551 1423 1640 1459 111.
1661 1414 1710 1460 9.
1725 1413 1755 1475 §
1775 1414 1824 1460 3.
1848 1424 1896 1459 c.
1911 1415 1993 1461 23.
2013 1413 2041 1476 ᾧ
2058 1414 2108 1461 4.
2131 1411 2209 1461 vr:
2232 1415 2315 1461 38.
2338 1414 2435 1481 §⁴-

1374 1499 1482 1536 vu.
1504 1490 1557 1536 2.
1586 1489 1614 1551 §
1653 1489 1704 1537 8.
1740 1492 1795 1536 et
1821 1487 1965 1537 alibi.
2014 1487 2218 1550 Aliquos
2251 1488 2436 1540 validos

1370 1561 1585 1612 cohorte·
1606 1563 1756 1614 Voss.
1783 1566 1831 1612 1.
1853 1563 1991 1613 inter
2014 1577 2190 1613 versus
2208 1580 2236 1614 a
2252 1580 2435 1616 m-sec.

1374 1638 1520 1689 Leid.
1541 1641 1592 1688 2.
1632 1645 1687 1687 et
1709 1639 1834 1688 Lov.
1867 1644 1916 1689 1.
1973 1639 2110 1689 Vide
2147 1638 2211 1689 ad
2247 1653 2436 1691 xxxu.

1374 1720 1454 1766 10.
1478 1717 1507 1779 §
1530 1719 1611 1765 12.
1645 1715 1898 1766 Deinde
1877 1731 1930 1766 ιιι
1951 1717 2122 1767 muris
2140 1718 2340 1768 armati·
2360 1719 2439 1770 ιίι·

1371 1794 1658 1858 amotisque
1692 1796 1821 1844 Lov-
1857 1800 1907 1844 5.
1940 1795 1993 1844 t’n
2027 1796 2203 1845 cattis
2234 1797 2441 1847 armatis

1372 1870 1718 1936 instructoque
1735 1870 1921 1935 fragm.
1938 1872 2076 1924 Has.
2096 1887 2214 1925 am.
2236 1887 2316 1937 pr.
2337 1888 2436 1939 pro

1374 1962 1480 2012 quo
1538 1952 1753 1998 armatos
1805 1956 1949 1997 recte
1992 1962 2024 1997 a
2066 1962 2219 1998 manu
2271 1950 2438 1999 altera

1374 2023 1696 2073 emendatur.
1734 2023 1936 2087 δορα*
1959 2021 2219 2074 armatus’
2239 2030 2296 2074 et
2313 2024 2371 2053 ‘'
2356 2039 2436 2073 ιιι-

1373 2098 1645 2161 structus,'
1696 2114 1833 2150 nunc
1894 2100 1994 2150 hoc
2047 2100 2248 2157 ordine,
2300 2115 2440 2152 nunc

1374 2176 1706 2243 transpositis
1720 2176 2004 2247 vocabulis,
2011 2177 2324 2243 junguntur.
2347 2178 2440 2228 In-

1372 2252 1457 2307 fra
1481 2268 1562 2304 lx.
1582 2258 1665 2305 39.
1699 2261 1716 2284 ‘
1740 2254 2038 2304 Instructos
2059 2254 2249 2304 deinde
2273 2268 2440 2304 arma·

1374 2338 1555 2394 rosque
1573 2344 1674 2381 nox
1689 2329 1986 2393 obpressit:
2011 2341 2171 2382 xxvr.
2189 2336 2272 2382 48.
2295 2339 2311 2362 ⁶
2329 2330 2439 2382 Ad·

1375 2407 1518 2457 venit
1540 2408 1714 2458 Livius
1739 2407 1976 2471 peditum
1997 2407 2233 2457 omnibus
2252 2407 2440 2476 copiis,

1375 2483 1441 2534 ad
1487 2484 1860 2536 conserendum
1894 2485 2158 2548 extemplo
2196 2485 2438 2549 proelium

1374 2561 1645 2611 instructis
1659 2559 2002 2625 armatisque?
2027 2572 2189 2610 xxm.
2201 2563 2251 2608 2.
2271 2561 2287 2589 ‘
2306 2560 2440 2609 Pos-

1376 2644 1492 2688 tero
1528 2638 1612 2688 die
1653 2638 1838 2688 armati
1876 2637 2220 2702 instructique
2259 2651 2439 2686 omnes

1376 2716 1541 2765 aciem
1565 2711 1881 2766 ostendere)
1924 2714 2163 2778 Denique
2181 2713 2439 2778 reliquerat

1376 2791 1529 2842 Harl.
1553 2798 1602 2842 2.
1627 2791 1777 2841 Port.
1799 2797 1856 2841 et
1879 2789 2097 2840 Hearuii
2115 2789 2288 2839 Oxou.
2306 2790 2369 2839 Ι..
2389 2794 2438 2839 1.

1376 2877 1434 2919 et
1467 2870 1533 2918 B.
1568 2859 1781 2932 quornm
1819 2866 2015 2917 librarii
2052 2866 2127 2917 ita
2163 2866 2439 2930 scripsisse

1377 2944 1640 3000 videntur,
1673 2943 1811 3009 quod
1836 2941 2103 3007 praecessit
2122 2945 2138 2971 ⁸
2162 2942 2326 2992 hostis
2348 2957 2439 3006 pe·

1376 3020 1494 3069 dem
1521 3018 1733 3070 retulit?
1786 3018 1892 3069 Sed
1925 3020 2078 3070 male.
2134 3018 2270 3069 Nam
2292 3019 2441 3069 hostis

1377 3098 1534 3147 etiam
1578 3102 1636 3146 ut
1678 3095 2025 3145 conlectivum
2063 3093 2439 3156 consideratur,

1375 3181 1433 3224 et
1458 3173 1619 3223 verbo
1641 3172 1828 3238 plurali
1845 3172 2104 3236 jungitur.
2154 3169 2299 3221 Infra
2321 3185 2442 3224 xxi.

1374 3255 1459 3301 41.
1509 3257 1526 3281 ‘
1550 3250 1664 3300 Nec
1686 3256 1770 3300 est
1792 3250 1922 3300 alius
1953 3248 2020 3298 ab
2059 3253 2211 3312 tergo
2241 3250 2440 3301 exerci-

1376 3332 1481 3391 tus,
1501 3327 1608 3391 qui,
1627 3326 1726 3375 nisi
1750 3333 1842 3376 nos
1877 3324 2146 3389 vincimus,
2178 3324 2313 3376 hosti
2347 3325 2439 3376 ob-

1376 3405 1544 3462 sistat,
1565 3417 1661 3453 nec
1682 3401 1847 3467 Alpes
1869 3400 1985 3451 aliae
2005 3408 2147 3457 suut,
2167 3415 2294 3465 quas
2315 3400 2438 3452 dum

1377 3485 1650 3545 superant,
1706 3477 1996 3543 comparari
2051 3491 2185 3527 nova
2239 3477 2441 3539 possint

1378 3555 1676 3621 presidia?
1705 3554 1794 3606 ubi
1819 3556 1967 3619 plura
1989 3552 2123 3604 vide.
2174 3553 2438 3603 Certior-es

1376 3634 1554 3698 itaque
1579 3631 1733 3683 codd.
1752 3631 1900 3696 sequi
1923 3631 2117 3694 placet.
2183 3628 2248 3678 In
2272 3629 2441 3680 verbis

1378 3708 1640 3774 precedd·
1692 3708 1991 3770 conjunctio
2043 3711 2094 3757 et
2146 3705 2330 3755 deerat
2380 3705 2438 3754 in

1376 3786 1503 3837 Lov.
1528 3790 1579 3835 3.

1448 3864 1568 3919 Quoe
1587 3862 1718 3912 inter
1734 3860 2029 3911 commissum
2049 3857 2156 3920 jona
2184 3863 2440 3924 certamen,

1376 3944 1459 4005 qe.
1479 3940 1796 4004 erumperent]
1837 3938 1944 3994 Quo
1980 3938 2109 3985 inter
2145 3936 2440 3985 commissum

233 4033 305 4070 m.
324 4031 433 4067 sec.
454 4018 578 4066 lenis
591 4016 921 4066 emendatur.
955 4017 1127 4080 Supra
1144 4030 1206 4065 11.
1222 4020 1304 4065 50.
1363 4017 1475 4076 jam
1494 4021 1731 4066 certamen
1763 4013 1885 4063 edd.
1920 4027 2045 4077 quas
2070 4011 2196 4072 vidi,
2221 4012 2440 4061 vetusti-

191 4099 200 4106 ‘
225 4095 245 4124 ⁸
266 4094 438 4145 Duxit
460 4094 544 4142 via
561 4093 614 4141 in
639 4091 838 4142 editum
853 4092 1046 4142 leniter
1066 4092 1252 4142 collem
1268 4090 1304 4142 ε’

230 4171 322 4222 nbi
346 4172 499 4236 plura
520 4170 665 4220 dicta
682 4178 821 4220 sunt.
852 4169 989 4221 Vide
1006 4169 1164 4220 etiam
1184 4183 1303 4220 mox

232 4249 328 4298 hoc
352 4263 470 4313 cap.
512 4247 577 4297 ad
601 4250 629 4312 ξ
655 4251 707 4298 7.
752 4247 887 4298 'lum
922 4263 956 4296 α
989 4251 1123 4312 tergo
1164 4246 1304 4296 Flor-

214 4326 386 4375 Voss.
411 4330 461 4373 2.
503 4324 631 4374 Lov-
661 4327 713 4374 4.
746 4329 799 4373 5.
832 4324 1056 4379 Gaertn.
1089 4327 1145 4374 et
1180 4322 1303 4374 edd.

308 4408 488 4473 Delph.
523 4412 572 4458 et
599 4406 719 4457 Vur.
745 4406 877 4457 Char.

1229 4403 1426 4455 Liuius.

1377 4107 1525 4145 ores:
1571 4092 1649 4142 ita
1690 4106 1779 4155 quo
1816 4087 2177 4154 accipiendum
2221 4103 2316 4151 pro
2351 4093 2439 4140 ut.-
2492 4145 2497 4150 ,

1378 4167 1805 4235 quemadmodum
1832 4179 1897 4215 11.
1921 4170 1971 4215 1.
2004 4170 2020 4194 ‘
2039 4165 2155 4217 Quo
2178 4165 2293 4227 plus
2313 4163 2438 4213 viri·

1378 4260 1463 4295 um
1483 4246 1535 4295 in
1556 4249 1738 4294 senatu
1755 4241 2046 4307 frequentia
2067 4240 2226 4292 etiam
2246 4240 2439 4310 ordinis

1378 4318 1957 4372 faceret.’11.11.⁴2·‘
1983 4319 2102 4370 Quo
2139 4316 2192 4366 in
2229 4317 2436 4382 propin

2153 4402 2218 4450 22
2251 4399 2300 4447 Υ
