2934 4925
453 331 632 403 *7840

458 490 669 542 Deinde
691 491 817 542 velut
839 504 942 540 uon
957 489 1108 540 modo
1125 488 1320 539 habent
1337 502 1512 540 omnes

458 568 615 619 codd.
640 569 846 632 scripti,
865 582 993 632 quos
1014 566 1243 628 adhibui,
1265 565 1352 615 sed
1376 565 1515 613 sinni-

461 644 580 694 liter
604 645 760 693 etiam
795 658 971 692 omnes
1001 642 1122 691 edd.
1151 656 1315 706 usqne
1340 641 1403 690 ad
1426 641 1514 690 El·

458 720 617 770 sevir.
650 722 789 769 Dan.
822 718 1048 780 Heinsii,
1082 732 1196 782 quae
1233 716 1516 779 saepissime

457 800 535 848 ita
576 798 793 857 erravit,
832 798 1047 861 aliisque
1092 795 1299 844 errandi
1333 808 1518 844 caussa

458 874 679 923 exstitit.
746 872 885 923 Vide
921 871 986 921 ad
1012 886 1066 922 v.
1088 875 1170 922 44.
1193 874 1221 937 §
1245 873 1294 921 7.
1362 871 1516 920 Cete-

461 951 646 1015 roquin
682 949 835 1000 etiam
873 949 1070 997 librarii
1104 950 1181 998 ita
1203 948 1255 996 in
1279 948 1409 995 Mss.
1431 957 1519 995 va·

459 1028 681 1075 riarunt.
730 1026 864 1074 Vide
887 1026 950 1074 ed
976 1038 1037 1073 ιι.
1056 1027 1140 1073 42.
1164 1025 1193 1087 §
1213 1026 1261 1072 8.
1296 1037 1414 1086 cap.
1435 1027 1518 1073 62.

461 1104 562 1167 §2
595 1117 642 1152 e.
663 1107 747 1151 64.
778 1104 807 1166 ξ
839 1105 887 1150 8.
917 1101 1136 1164 aliisque
1166 1099 1312 1149 locis.
1379 1100 1521 1148 Prae·

461 1186 613 1228 terea
647 1193 757 1241 quae.
787 1192 959 1239 magno
993 1178 1242 1227 intervallo
1264 1176 1374 1238 loci,
1396 1190 1520 1239 ueg-

462 1256 606 1305 lecta
627 1256 1011 1318 praepositione,
1035 1254 1189 1304 Voss.
1218 1257 1266 1305 1.
1299 1254 1449 1304 Leid.
1472 1257 1523 1306 2.

465 1333 596 1381 Lov.
638 1336 683 1381 1.
715 1336 765 1381 2.
801 1331 950 1381 Harl.
983 1335 1033 1381 2.
1064 1338 1123 1380 et
1156 1332 1305 1381 Port.
1338 1330 1520 1380 eadem

462 1407 782 1470 transposita
814 1419 917 1469 qua
952 1421 1015 1456 ex
1056 1422 1246 1469 magno:
1271 1408 1522 1457 intervallo

464 1484 553 1533 loci
576 1482 734 1534 habet
750 1483 898 1533 Leid.
923 1487 970 1533 1.
1018 1482 1146 1546 Sed,
1162 1498 1302 1547 saepe
1319 1484 1522 1534 Livium

465 1562 862 1625 praepositiones
897 1561 1092 1610 medies
1126 1560 1265 1611 inter
1286 1561 1525 1612 substan-

428 1639 432 1646 '
466 1641 629 1712 tivum
655 1639 809 1702 eique
840 1638 1072 1687 additum
1097 1639 1411 1702 adjectivum
1435 1654 1526 1702 po-

466 1730 595 1766 nere
615 1717 825 1765 solitum
849 1714 1030 1777 fuisse,
1053 1714 1248 1765 dictum
1272 1722 1352 1766 est
1372 1716 1436 1765 nd
1461 1725 1527 1765 ιι.

468 1795 551 1842 19.
574 1794 602 1857 ς
625 1795 675 1842 8.

523 1870 645 1918 Tum
664 1868 787 1931 quod
807 1882 1016 1930 perram
1036 1882 1123 1930 per
1135 1871 1297 1919 eadem
1318 1875 1528 1933 tempora

469 1944 804 2008 literoefuere]
842 1946 1021 1995 Habet
1047 1958 1200 1997 vetus
1234 1949 1393 1999 lectio
1427 1954 1531 1999 tum

468 2026 590 2087 quod
608 2037 768 2086 parvoe
788 2028 836 2071 et
857 2038 983 2072 ται-ω
1009 2038 1097 2086 per
1122 2027 1228 2075 ead.
1252 2032 1395 2089 temp.
1419 2027 1530 2075 lite·

468 2100 707 2159 roefuere.
773 2100 954 2148 Dictio
976 2115 1138 2162 parvae
1154 2103 1344 2152 multos
1368 2101 1531 2152 offen·

472 2178 569 2226 dit.
637 2176 773 2225 Nam
799 2176 935 2224 illam
962 2176 1012 2225 in
1041 2179 1206 2227 altero
1230 2180 1531 2243 exemplari,

472 2251 610 2317 quod
650 2252 797 2300 nobis
836 2266 902 2301 ex
923 2255 1220 2303 wormacia
1250 2256 1532 2304 communi-

459 2321 615 2378 *cavit
631 2328 886 2377 Dominus
904 2328 1229 2379 Reinlierdus
1248 2346 1278 2379 a
1297 2330 1533 2395 Rietpur‚

475 2405 709 2469 primarii
734 2406 916 2470 templi
953 2405 1198 2472 decanus,
1223 2409 1297 2455 vir
1332 2410 1532 2472 pietate

477 2492 533 2532 et
569 2482 862 2532 eruditione
886 2484 1043 2546 juxta
1075 2486 1391 2548 spectabilis,
1423 2487 1533 2551 qui-

477 2559 596 2619 dam
630 2560 991 2624 dispunxerat.
1056 2561 1119 2610 In
1156 2563 1376 2626 vulgatis
1412 2563 1533 2614 edd.

478 2637 624 2707 vides
662 2639 712 2686 in
735 2652 945 2700 perrarae
966 2646 1358 2701 commutatum,
1377 2645 1424 2689 et
1446 2654 1533 2689 co-

478 2713 601 2776 pula
640 2714 858 2764 sublata.
924 2714 1084 2780 Atqui
1121 2717 1407 2780 sciendum,
1439 2719 1535 2768 ali·

479 2792 687 2855 qnando
720 2793 963 2842 ‘literas'
987 2780 1371 2858 inscriptionem
1396 2797 1534 2859 apud

478 2869 683 2918 Livium
719 2869 1033 2932 significare,
1054 2879 1113 2920 ut
1148 2882 1263 2920 eum
1288 2872 1418 2922 dicit
1438 2874 1536 2923 hoc

477 2941 568 2995 tib.
590 2960 708 3009 cap.
731 2951 814 2996 29.
848 2947 1180 3011 ‘Tabulaque
1207 2947 1303 2997 sub
1327 2963 1391 2997 eo
1415 2947 1537 3010 fixa,

478 3029 866 3092 monumentum
920 3034 1090 3072 rerum
1147 3032 1429 3086 gestarum,
1473 3026 1536 3075 iis

477 3097 642 3147 ferme
665 3100 823 3149 incisa
847 3101 1013 3150 literis
1031 3098 1067 3150 :’
1098 3101 1150 3151 id
1176 3107 1273 3166 est,
1310 3103 1406 3150 hoc
1428 3104 1536 3167 epi·

481 3181 791 3235 grammate.
860 3176 1089 3225 Proinde
1114 3178 1201 3227 hic
1233 3192 1439 3243 quoque
1462 3179 1540 3227 in-

481 3251 678 3312 tellige,
714 3258 730 3279 ‘
750 3265 935 3313 parvas
974 3260 1028 3301 et
1060 3264 1201 3302 raras
1232 3268 1327 3318 per
1356 3253 1539 3304 eadem

484 3332 720 3387 temporo
741 3323 901 3374 fuisse
923 3326 1142 3382 literas,'
1172 3329 1269 3377 hoc
1299 3336 1397 3392 est,
1421 3330 1541 3380 bre*

483 3412 576 3450 ves
601 3401 965 3464 inscriptiones
988 3404 1156 3461 modo,
1182 3418 1297 3468 quae
1320 3421 1423 3455 non
1463 3422 1543 3455 sa·

484 3479 553 3528 tis
570 3493 673 3527 rem
690 3478 1012 3541 explicarent
1032 3492 1048 3539 ς
1067 3494 1255 3545 easque
1280 3480 1442 3531 fuisse
1466 3498 1544 3532 ra·

482 3569 585 3605 ras.
622 3550 780 3605 Rhen.
846 3557 971 3605 Vet.
993 3557 1089 3605 lib.
1119 3562 1221 3607 tum
1253 3560 1375 3620 quod
1395 3566 1443 3610 et
1464 3574 1546 3610 ru·

484 3642 555 3681 ηε
591 3642 681 3696 per
720 3635 899 3681 eodem.
973 3632 1107 3681 Nam
1153 3635 1380 3698 sequitur
1422 3648 1544 3700 pars

487 3710 674 3765 alteru,
696 3714 742 3758 et
764 3709 886 3772 quod
908 3710 1069 3759 etiam.
1107 3711 1363 3773 Sigonius.
1430 3714 1546 3762 Vox

473 3787 617 3846 suere
666 3782 875 3835 videtur
937 3787 1237 3850 interpretis
1311 3790 1552 3854 nliquus.

489 3863 641 3911 (ἔνιαι.
704 3862 929 3912 Veteres
966 3862 1086 3914 edd.
1118 3869 1221 3914 tum
1244 3869 1368 3928 quod
1383 3880 1549 3930 parvoe

488 3946 538 3992 et
557 3955 681 3989 rorae
700 3954 784 4003 per
804 3944 965 3991 eadem
985 3948 1193 4006 tempora
1213 3945 1369 3994 litere
1377 3947 1520 4006 ficere
1532 3962 1550 3995 .·

492 4019 627 4084 quod
648 4019 899 4070 Rhenauo
919 4022 1191 4071 cerebrum
1216 4022 1365 4075 Jovis
1394 4024 1550 4088 sapit.

492 4092 824 4157 Nequiquam
868 4096 1003 4143 enim
1047 4097 1269 4148 inculcat
1304 4099 1322 4137 ⁴
1340 4101 1516 4150 literas
1536 4100 1552 4124 ³

492 4170 881 4234 inscriptionem
905 4171 1042 4233 apud
1066 4174 1269 4224 Livium
1294 4176 1552 4240 significa-

495 4258 572 4304 re,
591 4245 735 4312 quasi
755 4246 855 4296 hoc
875 4247 1121 4298 sensisset
1136 4251 1381 4316 scriptor,
1405 4259 1421 4287 ⁴
1434 4269 1553 4319 par-

1147 343 1366 395 No'rAE
1415 325 1821 393 vamonuiu
1874 345 1956 394 m

1592 501 1682 539 vas
1707 494 1763 537 et
1786 499 1930 537 raras
1966 500 2061 551 per
2091 485 2274 537 eadem
2309 490 2545 551 tempora
2569 484 2646 536 ῆι·

1589 565 1690 615 isse
1726 563 1940 620 literas?
1970 566 2066 615 hoc
2088 571 2185 621 est,
2208 564 2396 614 breves
2430 564 2646 627 inscrip-

1591 644 1757 692 tiones
1793 643 1965 705 modo,
2003 658 2117 706 quae
2153 656 2254 691 uon
2276 643 2401 691 sutis
2428 656 2536 689 rem
2560 655 2652 689 ex·

1591 719 1869 784 ptinerent,
1903 734 2090 783 easque
2121 717 2278 768 fuisse
2300 731 2469 767 raras.
2526 716 2651 765 Vul-

1592 805 1728 857 κείω
1774 796 2108 858 subscribunt
2160 795 2299 844 Pau.
2342 791 2476 843 Mss.
2522 799 2650 842 tres.

1599 871 1758 922 Gema.
1827 873 2101 922 Rhenanus
2124 871 2247 933 quod
2264 884 2427 934 parvoe
2448 873 2500 918 et
2525 883 2652 917 raroe

1589 965 1677 1013 per
1696 952 1856 1000 eadem
1888 955 2094 1015 tempora
2126 949 2278 997 literoe
2292 947 2468 1006 suere.-
2504 952 2519 975 ‘
2537 946 2655 995 lite·-

1595 1026 1808 1091 raeque’
1852 1028 2229 1089 iuterpretatur
2261 1022 2652 1086 inscriptiones.

1591 1103 1697 1152 Sed
1730 1103 1853 1153 illud
1885 1104 2155 1153 meliorum
2186 1101 2443 1151 codicum.
2474 1101 2492 1128 ‘
2511 1100 2655 1150 Lite-

1596 1191 1666 1229 rae
1686 1178 1700 1200 '
1733 1187 1906 1230 autem
1929 1180 2124 1244 quaevis
2155 1185 2275 1229 sunt
2299 1177 2576 1239 scripturos
2601 1179 2658 1226 et

1594 1255 1789 1318 ingenii
1810 1261 2142 1305 monumenta
2158 1252 2460 1315 conscripta
2476 1249 2662 1301 literis·

1595 1347 1695 1397 que
1720 1332 1946 1393 traditu
1979 1331 2064 1381 hic
2085 1329 2332 1382 historiae.
2387 1329 2504 1378 Lib.
2524 1341 2662 1378 xxv.

1596 1421 1710 1472 cap.
1745 1412 1794 1457 1.
1829 1409 2188 1471 ‘Quicumque
2220 1406 2381 1456 libros
2408 1405 2661 1455 vaticinos

1597 1485 1988 1549 precationesve
2010 1491 2104 1534 aut
2127 1490 2293 1533 artem
2329 1481 2663 1533 sacrificandi

1597 1559 1945 1626 conscriptam
1978 1562 2209 1623 heberet,
2247 1573 2336 1610 eos
2369 1560 2533 1610 libros
2557 1575 2662 1609 om-

1597 1653 1691 1688 ues
1715 1639 1994 1703 literasque
2016 1638 2082 1689 ed
2113 1654 2169 1688 se
2195 1645 2315 1688 ante
2340 1637 2463 1687 Kal.
2486 1636 2660 1701 April.

1598 1713 1870 1765 deferret.’
1935 1717 2115 1765 Caeser
2157 1715 2296 1765 Gan.
2334 1729 2414 1765 vt.
2456 1717 2540 1764 14.
2576 1713 2663 1764 ubi

1600 1790 1782 1855 tradit,
1802 1806 1896 1841 cur
1919 1792 2148 1842 Druides
2169 1791 2397 1841 carmina
2421 1806 2516 1840 sua
2541 1791 2665 1842 scri-

1601 1868 1655 1920 bi
1703 1871 1888 1927 uolint,
1941 1871 2033 1920 sed
2084 1870 2345 1920 memoriae
2392 1860 2661 1918 mundaris

1600 1946 1618 1982 -‘
1635 1946 1822 2012 Neque
1845 1960 1956 2010 eos,
1978 1945 2067 2009 qui
2096 1946 2322 2008 discunt,
2346 1944 2518 1995 literis
2541 1956 2665 1995 cou-

1601 2022 1722 2072 fisos
1755 2023 1908 2071 nimis
1932 2021 2198 2071 memoriae
2223 2021 2439 2070 studere
2462 2035 2477 2069 ε
2529 2019 2666 2085 quod

1602 2097 2022 2163 ferefiplerisque
2060 2097 2277 2159 accidit,
2321 2105 2381 2146 ut
2422 2095 2669 2160 praesidie

1602 2177 1872 2226 literarum
1911 2176 2232 2239 diligentium
2268 2175 2320 2223 iu
2365 2174 2670 2237 perdiscen-

1604 2254 1673 2303 do
1695 2268 1756 2302 sc
1773 2254 2071 2302 memoriam
2096 2249 2410 2302 remittant!
2468 2252 2670 2300 Plinius

1606 2331 1828 2382 Praefat.
1886 2332 2089 2381 Histor.
2134 2329 2416 2380 'Naturalis
2440 2343 2458 2377 t
2506 2336 2522 2357 ‘
2549 2327 2670 2376 Hoc

1607 2420 1728 2462 ente
1758 2425 1839 2459 me
1861 2409 1991 2459 fecit
2027 2410 2077 2458 in
2110 2409 2276 2457 literis
2299 2407 2488 2455 nostris
2511 2406 2672 2455 Vale-

1608 2491 1714 2538 rius
1739 2489 1969 2537 Soranus
1993 2487 2028 2534 ι’
2066 2486 2117 2535 id
2143 2496 2244 2546 est,
2274 2486 2416 2533 inter
2447 2484 2672 2546 scripto—

1609 2579 1694 2613 res
1740 2570 1963 2622 nostros,
2006 2577 2096 2612 seu
2139 2562 2370 2611 Latinos.
2438 2561 2596 2611 Quod
2629 2558 2674 2608 si

1609 2641 1913 2691 recordatus
1953 2646 2093 2689 esset
2132 2637 2364 2687 Andreas
2404 2636 2676 2699 Schottus,

1609 2733 1712 2768 non
1758 2716 2074 2767 correxisset
2120 2714 2248 2775 fecit
2300 2714 2430 2763 inter
2467 2706 2679 2763 nostros.

1609 2793 1759 2843 Idem
1785 2793 1984 2843 Plinius
2016 2802 2079 2841 ιι.
2103 2794 2186 2840 52.
2219 2794 2236 2818 ‘
2254 2791 2538 2839 Tuscorum
2557 2789 2677 2838 lite-

1611 2882 1684 2921 ιω
1708 2886 1895 2920 novem
1918 2872 2062 2920 Deos
2083 2870 2322 2918 emittere
2346 2867 2563 2916 fulmina
2585 2881 2677 2916 ex-

1611 2949 1880 3000 istimant!
1943 2948 2154 2998 Servius
2179 2945 2245 2996 sd
2276 2947 2391 2996 AEn.
2416 2948 2449 2994 l.
2475 2959 2608 2995 vm·
2630 2956 2678 2995 c.

1613 3033 1727 3080 135.
1762 3031 1778 3058 ⁴
1808 3029 1877 3078 Ut
1900 3027 2049 3077 Graii
2081 3024 2353 3089 perhibent]
2388 3026 2464 3075 Ut
2487 3032 2676 3075 vestrae

1614 3105 1888 3156 continent
1923 3101 2124 3153 literae.’
2210 3102 2455 3166 Denique
2478 3102 2679 3151 Noster

1615 3183 1705 3233 lib.
1746 3181 1986 3245 sequenti
2025 3194 2144 3242 cap.
2180 3182 2231 3227 8.
2261 3177 2425 3228 ‘Eum
2451 3180 2680 3240 clavum,

1616 3259 1739 3325 quia
1792 3270 1924 3307 rarae
1981 3271 2075 3321 per
2125 3271 2188 3304 eu
2224 3263 2466 3318 tempora
2510 3255 2681 3304 literae

1617 3344 1787 3398 eraut,
1809 3326 1983 3384 notum
2008 3332 2209 3382 numeri
2245 3346 2492 3381 annorum
2519 3329 2681 3381 fnisse

1616 3409 1825 3461 ferunt!
1855 3413 1911 3459 J.
1933 3410 1993 3460 F.
2013 3409 2170 3459 Gron-
2237 3409 2463 3458 Perraroe
2487 3411 2683 3472 primus

1620 3488 1786 3538 edidit
1806 3487 1989 3536 Aldus.
2057 3484 2135 3534 Es
2167 3482 2297 3533 voce
2319 3485 2499 3534 Livius
2520 3485 2682 3534 etiam

1620 3566 1787 3616 utitur
1824 3574 1990 3613 xxix.
2009 3563 2094 3613 38.
2127 3565 2144 3594 ⁴
2170 3562 2323 3615 Quod
2355 3569 2484 3611 tunc
2507 3578 2684 3627 perre-

1620 3658 1733 3692 rum
1774 3642 1825 3690 in
1852 3641 2154 3691 mandandis
2194 3639 2500 3689 sacerdotiis
2535 3637 2683 3695 erat?

1621 3721 1814 3770 Verum
1842 3719 1920 3768 ita
1948 3719 2000 3767 in
2025 3719 2164 3768 nullo
2187 3717 2424 3766 codicum
2465 3718 2685 3782 scripto·

1624 3808 1736 3845 rum
1772 3799 2041 3844 exaratum
2079 3792 2268 3855 reperi.
2335 3784 2519 3842 Quare
2543 3796 2685 3843 recte

1623 3868 1914 3921 liaeciectio
1938 3870 2184 3920 Rhenauo
2208 3867 2498 3931 displicuit.
2560 3866 2683 3919 Tuus
2752 3924 2755 3927 ,

1623 3950 1745 4014 quod
1780 3951 1827 3997 et
1869 3962 2014 4003 rarae,
2048 3945 2484 4010 quemadmodum
2533 3944 2685 4010 Sigo-

1625 4025 1740 4074 nius
1764 4022 2053 4087 substituit,
2086 4026 2327 4084 superest
2358 4020 2501 4083 apud
2527 4022 2686 4072 mein

1626 4098 1783 4150 Voss.
1812 4104 1860 4150 1.
1897 4116 1928 4149 u
1947 4112 2017 4150 m.
2046 4113 2129 4163 pr.
2158 4098 2311 4147 Voss.
2332 4102 2382 4146 2.
2408 4097 2544 4147 Lov.
2567 4100 2617 4148 Β.
2636 4103 2685 4148 5.

1627 4179 1778 4230 Harl.
1833 4183 1887 4229 2.
1935 4179 2155 4229 Gaertn.
2211 4174 2362 4226 Port.
2409 4173 2689 4226 Klockisu.

1627 4255 1768 4307 Har.
1791 4262 1848 4305 et
1869 4253 2086 4305 Hearnii
2105 4250 2513 4305 oxoniensibus.
2571 4250 2701 4305 stat
