2934 4925
451 409 625 479 8084

450 569 589 622 firmi
610 568 884 622 admodum
902 567 1151 620 stomachi
1168 581 1285 619 esse
1307 567 1517 631 debuit,-

451 649 563 713 qni,
599 647 779 699 invitis
799 647 1011 713 optimis
1034 646 1188 697 codd.
1213 654 1319 697 tam
1354 644 1512 695 facile

451 737 778 789 concoquere
815 724 988 788 potuit
1021 729 1182 774 vesu-a
1209 735 1375 773 caussa
1409 722 1509 771 die-

450 806 583 851 tator
623 802 947 852 intercessioni
971 806 1143 852 νεώ-ω
1177 802 1339 863 adero,
1379 815 1511 849 ever-

450 894 643 944 sumque
683 884 889 930 oestrum
933 879 1169 929 auxilium
1202 877 1401 943 imperio
1434 884 1510 927 ιιι-

453 957 608 1007 tabor.
820 981 824 988 ·

517 1037 546 1100 ξ
579 1038 611 1084 7
646 1035 708 1086 Sa·
734 1036 792 1085 C.
813 1033 1034 1085 Licinius
1050 1037 1097 1083 et
1119 1032 1183 1081 L.
1208 1031 1414 1081 Sextius
1434 1031 1511 1079 ιἰι-

449 1112 724 1162 ter-cessioni
742 1114 1026 1174 collegarum
1045 1109 1238 1173 cedunt]
1262 1109 1402 1159 Sicut
1423 1108 1513 1158 Li·

450 1189 607 1239 einins
644 1190 774 1239 Lov.
820 1193 868 1240 1.
911 1193 961 1238 2.
995 1191 1046 1237 3.
1082 1192 1131 1236 4.
1185 1185 1334 1235 Leid.
1374 1190 1420 1234 l.
1457 1193 1514 1235 et

448 1263 791 1330 fragm-nav.
814 1280 843 1315 a
862 1280 931 1315 m.
955 1279 1033 1330 pr.
1065 1266 1109 1313 si
1124 1263 1341 1313 Heinius
1363 1262 1513 1313 Leid.

450 1346 509 1394 2.
555 1342 706 1392 Harl.
744 1348 798 1393 2.
833 1343 989 1392 Port.
1027 1341 1250 1392 Gaertn.
1282 1341 1422 1391 Har.
1457 1348 1513 1390 et

450 1416 637 1481 fragm·
679 1417 821 1467 Hav.
855 1434 892 1468 a
924 1431 994 1467 ιιι.
1028 1430 1132 1467 sec.
1178 1416 1340 1465 Male.
1406 1414 1514 1463 Cur

452 1495 589 1562 enim
626 1494 834 1550 ,Licinii
888 1508 1187 1559 praenomen
1233 1493 1514 1555 omisisset,

452 1571 589 1638 quod
615 1572 867 1638 collegam
892 1571 1004 1636 ejus
1043 1571 1282 1621 Sextium
1321 1585 1513 1620 memo-

449 1663 573 1699 rans
592 1648 779 1699 addit?
800 1651 931 1699 Τιιιιι
952 1652 1000 1698 et
1015 1648 1076 1698 Ι..
1096 1647 1279 1698 Sextus
1291 1648 1513 1697 Gaertn.

447 1735 499 1781 et
519 1730 586 1788 1..
601 1729 833 1780 Sextilius
864 1730 1017 1780 Voss.
1040 1732 1088 1778 1.
1125 1728 1275 1778 Leid.
1298 1732 1348 1778 2.
1385 1728 1512 1776 Lov.

451 1810 501 1856 1.
522 1812 571 1856 5.
599 1807 753 1864 Harl.
777 1812 826 1857 2.
854 1808 1004 1858 Ροιι.
1028 1821 1058 1856 a
1078 1822 1148 1856 m.
1175 1820 1251 1869 pr.
1281 1813 1337 1855 et
1370 1805 1513 1855 Har.

451 1882 589 1934 Vide
627 1882 694 1934 ad
735 1899 783 1935 c.
806 1887 889 1934 35.
927 1885 1028 1948 §4.
1090 1882 1300 1932 Deinde
1339 1884 1513 1933 cedant

453 1973 731 2024 perperam
755 1959 937 2010 deficit
958 1961 1009 2010 in
1028 1959 1180 2009 Port.
1241 1981 1250 1990 ·
1392 1981 1401 1988 ·

507 2037 732 2092 ,luseram
781 2037 980 2088 memo
1028 2036 1205 2102 plebis]
1271 2037 1509 2086 Miseram

449 2116 646 2176 consilio
663 2115 817 2180 plebis
853 2115 1077 2167 Gaertn.
1125 2114 1320 2164 consilio
1351 2116 1511 2165 etiam

449 2202 529 2244 est
550 2195 605 2245 in
628 2196 758 2248 Low.
778 2200 832 2247 2.
860 2204 917 2247 et
951 2196 1004 2246 in
1027 2197 1248 2246 vetustis
1283 2196 1514 2257 excusis,

449 2288 549 2339 pro
571 2289 673 2340 quo
698 2273 982 2325 Ascensius
1004 2277 1152 2324 1516.
1185 2273 1379 2324 deinde
1417 2273 1514 2323 Al-

449 2349 566 2410 dus,
579 2356 634 2401 et
654 2348 768 2401 fere
792 2350 980 2417 reliqui
995 2364 1173 2400 omnes
1190 2350 1513 2401 recentiores

450 2425 710 2478 dederunt
733 2428 947 2492 concilio,
970 2427 1226 2494 quomodo
1248 2427 1403 2481 etiam
1430 2434 1514 2479 est

447 2503 505 2554 in
526 2504 718 2555 ceteris
733 2505 862 2556 Mss.
894 2506 1096 2557 Recte=
1133 2521 1367 2558 caussam
1392 2506 1512 2558 vide

458 2581 522 2633 ad
548 2584 649 2647 §4

503 2659 772 2723 Tamquam
803 2665 955 2726 coptoe
993 2660 1188 2712 civitati
1214 2664 1343 2726 leges
1371 2663 1507 2728 inpo-

449 2750 563 2785 nere
600 2737 822 2801 tendent]
855 2754 875 2783 ;·
892 2740 1055 2804 Tamq.
1090 2744 1243 2803 copta·
1293 2739 1509 2790 civitatis

448 2811 577 2863 Lov.
617 2818 666 2862 5.
699 2820 756 2863 ct
800 2812 985 2878 fragm.
1028 2814 1167 2867 Har.
1232 2817 1361 2865 Τιιιιι
1403 2818 1509 2878 lege

443 2890 668 2953 inponere
722 2892 937 2942 Gaertu.
997 2892 1242 2956 Insuper
1293 2896 1509 2943 tenderet

445 2967 598 3026 Voss.
622 2972 673 3019 2.
710 2978 764 3018 et
795 2970 923 3019 Lov.
947 2974 996 3020 3.
1027 2960 1032 2965 ⁴
1063 2971 1207 3022 Olim
1246 2973 1503 3035 scriptum

446 3043 608 3096 fnisse
652 3046 927 3097 verisimile
962 3056 1048 3097 est
1086 3049 1283 3099 tendit.-
1317 3056 1505 3112 postea

449 3138 550 3187 pro
585 3139 649 3173 eo
683 3126 858 3175 datum
890 3141 1004 3177 esse
1028 3127 1226 3189 ιειιάἐι,
1250 3135 1406 3194 atque
1429 3130 1505 3180 ita

447 3203 661 3255 tenderet
699 3200 895 3252 factum
930 3218 1064 3254 esse.
1130 3206 1347 3255 Tendunt
1376 3207 1504 3257 Lov.

443 3283 494 3329 5.
528 3285 585 3328 et
626 3278 841 3328 Hearnii
875 3279 1051 3331 Oxou.
1087 3282 1159 3331 N.
1229 3283 1504 3334 Quomodo

446 3355 655 3409 dedisse
678 3355 1172 3419 librarius-videtur,
1209 3361 1343 3424 quod
1370 3375 1504 3424 prae·

412 3498 416 3503 ἡ
443 3433 599 3484 cedat
619 3435 808 3484 cedunt.
877 3434 1082 3485 Tentent
1099 3433 1280 3499 fragm.
1313 3436 1448 3487 Har.
1472 3453 1502 3486 a

442 3525 514 3561 m.
559 3526 668 3575 sec.
732 3510 911 3561 Verba
951 3512 1063 3563 ha’c
1105 3519 1134 3542 ·‘
1159 3513 1412 3563 tendere'
1446 3522 1503 3565 et

442 3587 723 3637 ‘tentare‘
769 3601 911 3651 saepe
957 3587 1007 3636 in
1052 3589 1503 3643 Msssmutantur.

442 3663 580 3719 Vide
602 3663 668 3714 ad
694 3677 749 3713 x.
773 3667 821 3713 1.
844 3666 872 3729 ς
894 3669 943 3713 6.
996 3664 1117 3716 Nic.
1139 3666 1409 3717 Heinsium
1434 3668 1501 3718 ad

442 3740 625 3791 Claud.
646 3742 696 3790 in
714 3741 942 3809 Eutrop.
968 3755 1008 3789 1.
1029 3745 1108 3791 15.
1134 3748 1190 3792 et
1211 3742 1279 3791 ad
1307 3743 1502 3794 Nason.

439 3812 577 3867 Met.
598 3830 677 3867 xr.
696 3821 813 3867 533.
834 3817 1022 3881 quibus
1055 3818 1186 3868 locis
1224 3821 1383 3870 etiam
1421 3822 1500 3884 ip·

440 3906 552 3943 sam
576 3893 902 3944 locutionem
906 3894 1166 3945 inlustrat.
1233 3897 1370 3947 Vide
1401 3899 1502 3947 eti·

440 3984 522 4020 am
547 3970 612 4020 ad
636 3984 821 4021 xxxii.
836 3975 918 4021 32.
938 3973 967 4036 ς
988 3975 1039 4021 7
1082 3973 1210 4023 Mox
1232 3973 1291 4023 ab
1308 3989 1359 4025 se
1377 3977 1501 4087 ipsa.

441 4064 538 4115 pro
557 4067 590 4100 a
610 4052 799 4115 seipsa,
819 4051 972 4103 Port.
993 4059 1049 4102 et
1073 4052 1211 4102 Hav.
1355 4080 1362 4089 ι

502 4130 532 4192 §
566 4132 598 4177 8
634 4128 793 4183 Quum
829 4129 1104 4178 contemtim
1137 4131 1319 4181 tribum
1347 4133 1501 4195 plebis

1140 423 1358 475 1⁴01·AE
1405 422 1817 473 vammum
1870 422 1949 470 m

1586 580 1651 616 ex
1673 564 2043 617 vetustioribus
2063 563 2269 616 excusis
2287 580 2303 627 ;
2324 563 2418 615 sed
2440 561 2659 615 librari-2

1587 660 1731 696 orum
1767 659 1963 706 errore,
1995 644 2082 710 qui
2125 644 2315 708 saepius
2349 643 2443 693 bas
2490 658 2646 694 voces

1587 730 1988 776 commutarunt.
2055 723 2195 773 Vide
2234 722 2298 773 ad
2336 736 2477 774 xxv.
2501 727 2582 774 38.
2615 722 2644 785 §

1587 808 1669 855 20.
1702 803 1876 853 conteri
1899 802 2141 864 ambigue
2162 802 2322 852 estin
2354 802 2480 851 Lov.
2502 804 2556 851 2.
2589 807 2646 849 et

1588 885 1636 931 3.
1687 885 2002 943 contemptum
2041 880 2090 927 iu
2123 879 2252 928 Lov.
2276 884 2322 928 1.
2377 883 2645 927 contentum

1586 956 1640 1006 in
1687 956 1824 1006 Hav.
1909 956 2051 1006 Nihil
2092 963 2253 1007 muto.
2288 964 2304 988 ⁸
2326 956 2659 1006 Contemtim‘

1587 1048 1840 1098 peragere
1857 1033 1873 1055 '
1906 1041 1989 1085 est
2011 1049 2125 1083 cum
2149 1041 2420 1085 contemtu
2445 1034 2661 1084 Camilli-

1586 1125 1858 1176 peragere,
1905 1112 1980 1160 ita
2018 1125 2287 1175 peragere,
2325 1118 2385 1159 ut
2419 1117 2645 1173 pateret,

1587 1202 1644 1237 se
1665 1189 1935 1238 Camillum
1970 1198 2326 1239 contemnere.
2394 1189 2566 1253 Supra
2584 1203 2646 1241 11.

1586 1268 1668 1314 35.
1703 1267 2047 1316 ‘Contemtim
2076 1266 2244 1330 primo
2286 1267 2520 1315 Marcius
2558 1281 2645 1314 au-

1588 1340 1762 1391 diebat
1788 1344 1952 1392 minas
1995 1341 2334 1391 tribunicias:
2398 1341 2647 1391 Similiter

1582 1420 1598 1448 ‘
1615 1421 1918 1469 contemtim
1936 1419 2002 1468 ad
2022 1428 2194 1469 castra
2211 1419 2497 1469 succedere
2511 1418 2527 1440 ’
2550 1433 2659 1468 vu.-

1586 1505 1647 1551 7.·
1669 1505 1684 1529 ‘
1701 1498 1884 1549 Nihilo
1908 1498 2119 1560 segnius
2136 1496 2152 1519 ’
2177 1503 2232 1546 nt
2256 1511 2319 1548 11.
2342 1500 2426 1546 47.
2463 1497 2479 1525 ‘
2499 1497 2646 1547 Nilii·

1588 1580 1639 1629 lo
1663 1579 1871 1639 segnius
1894 1578 1944 1625 in
1970 1578 2135 1626 altero
2157 1590 2315 1626 cornu
2337 1576 2437 1624 an
2453 1576 2642 1630 Manli·

1588 1671 1649 1707 us
1689 1655 1869 1704 consul
1909 1668 2130 1718 pugnam
2176 1652 2387 1702 ciebat.’
2440 1667 2546 1702 vn.
2571 1656 2649 1704 18.

1587 1733 1603 1761 ‘
1620 1735 1886 1789 Consules,
1910 1731 2081 1782 relicti
2108 1747 2138 1781 a
2162 1739 2310 1796 parte
2335 1731 2535 1795 populi,
2557 1745 2651 1796 per

1587 1810 1989 1877 infrequentiam
2011 1809 2221 1859 comitia
2245 1810 2405 1859 nihilo
2440 1809 2648 1873 segnius

1587 1885 1931 1951 perficiunt.’·
2003 1887 2122 1936 Hoc
2165 1886 2469 1948 ideo-noto,
2510 1885 2647 1951 quod

1586 1964 1736 2014 Voss.
1771 1969 1817 2017 l.
1853 1965 1906 2014 in
1941 1970 2196 2014 contextu
2231 1962 2483 2027 praeferat
2502 1963 2681 2015 nihilo.

1582 2043 1745 2092 senius
1759 2058 1777 2091 .·
1796 2041 1932 2091 unde
1956 2040 2091 2091 forte
2113 2041 2339 2105 suspicio
2360 2042 2505 2090 nasci
2530 2055 2646 2104 pos-

1585 2127 1684 2185 set,
1701 2120 1973 2183 legendum
1999 2134 2115 2170 esse
2138 2119 2289 2169 nihilo
2305 2119 2475 2183 secius,
2491 2118 2645 2182 quod,

1586 2210 1682 2260 pro
1702 2197 1853 2246 nihilo
1874 2195 2084 2259 segnius,
2107 2196 2282 2247 multis
2306 2195 2642 2259 scriptoribus

1587 2275 1816 2325 restituit
1842 2275 1963 2325 Nic.
1986 2274 2230 2323 Heinsius
2253 2272 2317 2322 ad
2342 2270 2504 2323 Ovid.
2529 2273 2643 2321 Me·

1587 2359 1710 2404 tam.
1748 2367 1809 2402 ιι.
1832 2357 1950 2402 809.
1986 2352 2122 2402 Hic
2161 2359 2339 2400 tamen
2370 2351 2640 2414 vulgatum

1585 2428 1987 2495 praeferendum.
2660 2468 2665 2471 ,

1653 2509 1771 2558 Tum
1788 2507 1998 2572 percitus
2017 2508 2096 2556 ira
2111 2504 2366 2569 Camillus]
2388 2506 2528 2556 Pall.
2542 2504 2641 2555 «luo

1583 2590 1684 2636 tum
1716 2590 1914 2648 paratus
1952 2585 2045 2635 ira.
2128 2582 2299 2634 Forte
2327 2593 2386 2633 ιιι
2428 2583 2640 2646 Ennius,

1584 2663 1600 2691 ⁴
1625 2662 1766 2715 Iram
1803 2669 1960 2728 atque
2008 2660 2330 2711 inimicitiam
2367 2660 2420 2710 in
2475 2658 2639 2709 fronte

1584 2748 1840 2805 promtam
1864 2737 2114 2804 gestare,’
2130 2737 2299 2789 dixit..
2342 2737 2487 2788 Nihil
2508 2735 2640 2786 affir-

1582 2830 1683 2868 mo.
1740 2816 1822 2866 Ad
1846 2816 2107 2879 vulgatum
2130 2814 2318 2865 alludit
2337 2815 2523 2879 Camp.
2534 2828 2638 2878 par·

1578 2895 1718 2944 citus.
1752 2892 1924 2943 Gebb.
1992 2892 2219 2942 Par-titus
2236 2893 2314 2942 ira
2334 2892 2493 2942 Voss.
2514 2897 2563 2941 2.
2583 2898 2639 2941 et

1582 2972 1709 3022 Lov.
1734 2976 1783 3022 3.
1836 2970 2048 3036 parcitus
2070 2971 2146 3018 ira
2168 2969 2393 3020 Gaertu.
2462 2970 2534 3019 Et
2564 2968 2638 3017 ita

1578 3049 1757 3105 fuisse,
1779 3049 1862 3097 vel
1885 3055 2029 3098 certe
2053 3046 2248 3096 librarii
2272 3046 2399 3096 dare
2418 3046 2660 3103 voluisset,

1579 3127 1844 3186 videntur,
1877 3125 1929 3175 in
1947 3125 2148 3175 dnobus
2172 3125 2307 3173 Psll.
2333 3123 2476 3188 apud
2499 3122 2647 3172 Geb-·

1577 3204 1727 3253 hard.
1752 3218 1846 3265 pro
1867 3216 1969 3268 quo
1984 3202 2025 3251 is
2039 3216 2095 3251 se
2118 3201 2379 3251 invenisse
2393 3199 2640 3262 credidit,

1579 3287 1672 3331 aut
1688 3276 1772 3330 'illi
1796 3295 1889 3344 per
1902 3292 2129 3328 errorem
2148 3278 2407 3329 dederunt
2422 3283 2640 3342 param.

1578 3361 1788 3410 Ductus
1818 3360 2082 3408 literarum
2103 3357 2148 3407 ci
2169 3364 2221 3407 et
2247 3373 2279 3407 a
2302 3357 2354 3407 in
2378 3358 2655 3420 scriptur&

1582 3436 1975 3500 Longobardica
1998 3436 2243 3485 simillimi
2267 3441 2407 3485 sunt.
2473 3434 2644 3484 Perci-

1579 3518 1658 3563 tus
1689 3515 1782 3570 ira,
1820 3520 1880 3563 ιιι
1916 3526 2019 3562 vu.
2040 3518 2098 3569 5.
2132 3511 2441 3562 ‘Percitum
2475 3511 2552 3561 irs
2584 3510 2637 3559 in

1578 3596 1778 3656 patrem
1797 3603 1918 3653 spes
1934 3597 2047 3639 erat
2067 3588 2295 3638 criminis
2309 3587 2504 3651 aliquid
2520 3586 2639 3637 novi
2668 3640 2677 3651 q

1580 3666 1785 3719 deferre
1805 3667 1840 3717 εἴ
1874 3667 1964 3717 ubi
1988 3668 2170 3718 eadem
2199 3667 2252 3716 in
2275 3666 2459 3717 iisdem
2484 3666 2675 3728 codd„

1578 3746 1706 3797 meis
1775 3745 2055 3795 lectionum
2109 3744 2336 3804 vai-,ictas
2386 3743 2635 3794 obcurrit.

1578 3822 1716 3885 apud
1740 3822 1918 3872 Plant.
1945 3822 1996 3870 iu
2031 3820 2208 3871 Casio.
2244 3835 2335 3870 ιιι.
2357 3826 2406 3870 5.
2430 3825 2481 3870 6.
2517 3829 2533 3851 ‘
2551 3822 2653 3883 Ne

1578 3900 1702 3965 quid
1726 3902 1777 3948 in
1802 3907 1856 3949 te
1877 3898 1997 3947 mali
2017 3895 2151 3947 faxit
2165 3897 2241 3947 ira
2261 3897 2499 3961 percita-³
2533 3899 2635 3948 Va·

1578 3977 1672 4027 ler.
1696 3977 1841 4027 Max.
1867 3989 1921 4023 v.
1950 3978 1996 4023 1.
2017 3989 2103 4024 ex.
2125 3978 2206 4024 11.
2239 3981 2254 4005 ‘
2271 3973 2360 4024 Ira
2384 3975 2630 4039 percitus,

1578 4053 1816 4118 protinus
1831 4053 1883 4102 in
1903 4066 2019 4101 eum
2039 4051 2471 4102 animadvertit.'.
2492 4049 2633 4101 Anc-

1576 4139 1659 4182 tor
1682 4131 1814 4182 Bell.
1838 4128 2006 4180 Afric.
2042 4145 2089 4180 c.
2126 4133 2211 4179 46.
2243 4132 2260 4160 ‘
2279 4129 2365 4179 lta
2397 4130 2628 4193 percitus

436 4217 541 4252 rem
581 4203 731 4253 nihilo
772 4206 966 4266 segnius
1004 4208 1315 4271 peragerent]
1370 4211 1495 4259 Con·
1573 4210 1764 4273 Scipio,
1787 4214 1942 4271 atque
1967 4206 2125 4256 animi
2155 4206 2336 4257 dolore
2370 4207 2628 4265 incensus,

435 4280 575 4347 tent-ti
598 4278 741 4330 Leid.
766 4282 813 4330 1.
863 4284 1072 4331 contenti
1093 4283 1245 4334 Voss.
1268 4289 1316 4334 2.
1342 4287 1493 4339 Harl.

1576 4286 1754 4336 adnuit
1792 4282 2245 4337 centurionibusl-
2285 4284 2412 4333 Mox
2443 4284 2625 4347 quidem

439 4362 489 4408 1.
512 4357 730 4409 Gaertn.
769 4355 958 4422 fragm.
994 4358 1134 4410 Hav.
1167 4368 1224 4412 et
1259 4365 1495 4428 quiedam
1572 4363 1745 4426 medio,
1779 4375 1873 4426 pro
1895 4360 1977 4425 qui
1996 4362 2055 4410 de
2074 4361 2247 4419 medio,
2278 4360 2427 4411 Leid.
2455 4363 2500 4408 l.
2532 4358 2622 4408 ‹lu-
