2934 4925
734 406 802 455 τ.
851 405 1044 455 mvn
1089 405 1288 460 uis‘r.
1337 405 1486 454 me.
1532 405 1601 452 v.
1650 405 1815 454 oAr.
1857 388 1965 454 33.

255 562 351 615 qne
387 548 614 599 abductos
653 549 873 600 Hesrnii
913 550 1086 602 Oxon.
1127 552 1194 600 B.
1237 550 1306 601 de

254 641 349 690 quo
370 641 547 676 errore
570 626 688 676 vide
711 627 775 676 ad
799 641 985 678 xxvn.
1005 633 1088 679 29.
1112 631 1141 692 §
1164 632 1210 677 1.

256 764 267 775 ᾗ
310 705 338 767 §
360 710 388 753 5
415 703 706 763 Nonsuisse,
725 705 806 767 qui
824 705 971 766 primi
985 704 1133 767 Alpes
1151 709 1311 753 trans·

247 779 415 842 ierint]
448 780 673 830 Primum
697 780 826 830 Lov.
847 784 897 831 4.
920 779 1068 829 Hsrl.
1086 784 1136 829 2.
1160 779 1310 829 Port.

248 863 302 904 et
334 854 386 904 H
393 869 474 905 av.
531 855 718 905 Paullo
760 863 883 906 ante
926 857 1310 919 obpugnaverant

248 930 371 981 [ον.
407 935 459 981 2.
491 937 904 994 expugnaverunt,
941 945 1033 994 pro
1070 946 1310 995 oppugua-

243 1005 417 1070 κήαι,
440 1006 570 1056 editi
595 1021 756 1070 usqne
788 1007 852 1055 ad
891 1005 1101 1062 Aldum,
1124 1009 1211 1071 qui
1236 1008 1309 1056 al·

244 1089 411 1131 terum
439 1083 690 1139 restituit,
726 1080 1129 1147 suffragantibus
1148 1083 1310 1133 omni·

242 1153 337 1208 bns
361 1159 595 1222 scriptis.

311 1236 581 1300 Urbemque
615 1238 818 1288 Romam
843 1243 1083 1302 caperent,
1117 1239 1170 1288 in
1203 1239 1308 1289 Ita-

238 1313 354 1361 liam
395 1314 534 1362 Gaui
565 1314 981 1378 transcenderunt]
1045 1315 1310 1379 Urbemqus

241 1387 513 1438 Βουιαηαηι
534 1390 671 1441 Hav.
694 1390 852 1454 quod,
883 1406 985 1441 non
1018 1404 1135 1441 raro
1159 1392 1211 1440 in
1246 1393 1308 1442 li-

237 1463 345 1515 bris
366 1466 582 1528 scriptis
605 1475 932 1530 corruptum,
956 1470 1148 1532 saepius
1172 1467 1308 1518 Gro-

238 1541 423 1590 novius
451 1542 603 1591 Livio
621 1543 877 1594 restitnit.
913 1544 1048 1593 Vide
1073 1544 1136 1593 ad
1161 1545 1308 1607 Epit-

236 1617 349 1672 Liv.
370 1618 466 1668 lib.
493 1631 646 1669 xmx.
708 1619 813 1668 Hic
837 1633 978 1676 vero,
1001 1621 1143 1670 nullo
1163 1619 1309 1670 codi-

236 1709 352 1748 cum
391 1697 777 1756 consentiente,
819 1699 1083 1760 vulgatum
1130 1697 1304 1747 verius

235 1783 384 1840 puto.
424 1779 637 1841 Caper-et
656 1778 812 1827 babet
839 1777 988 1826 Harl.
1011 1781 1061 1826 2.
1099 1778 1231 1826 Tum
1252 1778 1305 1827 ia

234 1855 541 1918 praepositio
565 1856 771 1904 exsulat
794 1870 825 1904 a
845 1854 976 1904 Lov.
994 1859 1044 1904 3.
1103 1854 1304 1904 Deinde

233 1933 629 1980 transcenderant
657 1931 880 1981 Hearnii
903 1931 1076 1981 Oxou.
1097 1931 1166 1980 N.
1222 1931 1307 1980 Li-

234 2005 438 2057 brarius
475 2008 633 2057 Voss.
655 2011 704 2057 1.
739 2020 878 2056 veroe
918 2006 1196 2070 scripture
1228 2007 1305 2068 ig·

233 2099 388 2137 narns
421 2083 704 2135 admodum
737 2082 1028 2133 fluctuavit.
1095 2082 1158 2132 In
1182 2098 1307 2133 con-

232 2169 385 2213 textu
413 2161 568 2211 dedit
592 2161 995 2214 transcenderent,
1015 2174 1109 2222 pro
1127 2174 1231 2224 quo
1253 2161 1306 2210 in

230 2237 466 2300 margine
543 2236 844 2288 emendavit
898 2239 1305 2286 transcenderunt.

228 2314 328 2364 Sed
351 2322 410 2364 et
427 2315 567 2363 banc
588 2313 872 2364 lectionem
893 2311 991 2362 sibi
1013 2312 1297 2375 displicere

231 2391 399 2441 literas
423 2407 460 2440 u
481 2399 661 2440 notam
695 2388 1016 2453 subjiciendo
1038 2388 1306 2439 indicavit.

234 2469 641 2518 stmcenderent
660 2475 774 2516 erat
801 2468 852 2516 in
879 2467 1007 2516 Lov.
1034 2471 1081 2516 1.

292 2547 320 2609 ξ
341 2551 376 2596 6
399 2546 512 2594 Nec
530 2560 638 2596 cum
658 2544 734 2594 lais
753 2544 958 2607 primum
975 2544 1306 2608 Etruscorum,

229 2623 308 2672 sed
327 2624 480 2671 multo
503 2618 645 2681 uate]
679 2620 815 2670 Vide
838 2628 893 2670 et
910 2620 1010 2669 boo
1022 2634 1184 2682 genus
1197 2633 1304 2669 ser-

229 2700 414 2750 monis.
483 2698 716 2747 Dubium
751 2696 888 2746 enim
924 2710 1027 2745 non
1050 2702 1154 2759 est,
1176 2696 1301 2760 quin

144 2777 162 2790 ⁴
216 2773 409 2824 dicere
433 2775 586 2831 velit,
626 2786 731 2824 non
759 2786 877 2822 cum
914 2772 991 2820 liis
1012 2770 1301 2822 Hetrusco·

228 2863 362 2915 rum,
383 2851 477 2916 qui
513 2850 612 2899 boc
645 2855 884 2913 tempore
918 2849 1147 2899 Clusium
1177 2848 1300 2900 alia·

228 2931 333 2989 que'
366 2929 516 2977 circa
549 2926 754 2975 Tusciae
794 2925 910 2975 loca
947 2923 1304 2988 possidebant,

231 3002 412 3054 Gallos
437 3016 723 3066 pugnasse,
742 3000 836 3050 sed
855 3014 972 3049 cum
990 3000 1052 3049 iis
1078 2999 1300 3050 Hetrus-

229 3079 324 3141 cis,
363 3078 458 3143 qui
490 3079 631 3127 inter
660 3075 994 3139 Apenninum
1029 3074 1298 3139 Alpesque

229 3154 551 3206 incolebant.
613 3152 718 3202 Sed
737 3151 871 3201 band
887 3152 1016 3213 scio,
1034 3166 1098 3200 un
1121 3151 1300 3215 hujus·

229 3231 367 3284 modi
391 3229 752 3279 dubitationes
778 3229 990 3291 proprie
1014 3228 1176 3277 nostri
1195 3229 1302 3278 siut

227 3307 508 3371 propositi.
547 3305 690 3355 Glar.
754 3298 966 3361 Nescio,
988 3304 1113 3370 quid
1136 3305 1189 3354 in
1217 3305 1297 3356 bis

226 3390 510 3448 tantopere
557 3383 874 3431 Glareanum
912 3391 1168 3431 moratum
1207 3383 1297 3446 sit,

229 3466 286 3517 ¹ul:
328 3475 497 3527 genus
537 3457 785 3524 loquendi
825 3457 1102 3508 videndum
1137 3465 1296 3524 atque

229 3535 610 3588 observandum
642 3535 917 3585 monuerit.
984 3536 1108 3585 Non
1132 3536 1296 3586 credo

227 3614 411 3663 miram
437 3612 540 3676 ipsi
561 3611 720 3660 visam
753 3609 916 3660 fuisse
947 3612 1298 3663 constructio·

228 3705 346 3739 nem
367 3704 478 3740 cum
497 3690 577 3738 Itis
599 3690 932 3749 Etruscorum,
971 3702 1066 3751 pro
1094 3703 1201 3739 cum
1220 3689 1298 3739 liis

229 3767 487 3825 Etrusci&
520 3763 712 3829 passim
737 3763 870 3813 enim
892 3764 945 3813 id
965 3764 1169 3814 obvium
1193 3772 1295 3829 est,

229 3850 284 3891 et
316 3841 461 3907 apud
496 3841 700 3890 Livium
731 3847 787 3890 et
818 3839 958 3903 spud
992 3841 1154 3891 uliosz
1200 3857 1296 3904 per

225 3920 246 3946 ⁴
274 3920 365 3976 bos
406 3914 781 3967 Etruscorum’
827 3923 1000 3966 autem
1044 3917 1294 3982 intelligit

230 3996 487 4056 Clusinos,
504 3992 572 4042 de
594 3991 781 4056 quibus
799 3991 953 4042 modo
972 3991 1130 4042 verba
1150 3993 1294 4045 fece-

229 4080 345 4134 rat3
394 4076 452 4122 et
496 4071 550 4118 id
592 4070 794 4119 monuit
826 4069 940 4133 ipse
983 4070 1294 4122 Glareanus.

231 4151 401 4200 Docet
424 4147 508 4197 bic
532 4147 730 4205 Livius,
763 4143 954 4195 bellum
984 4160 1101 4196 cum
1125 4147 1293 4198 Clusi·

228 4226 308 4275 nis
328 4239 432 4274 non
457 4222 678 4288 primum
708 4219 1050 4286 fuisse4'·quod
1074 4236 1105 4270 a
1127 4221 1293 4274 Gallis

229 4302 282 4354 in
304 4301 462 4352 Italia
483 4305 685 4364 gestum
707 4298 808 4360 sit3
842 4296 933 4347 sed
951 4297 1065 4362 ⁸ium
1087 4297 1177 4349 diu
1198 4315 1290 4351 au·

2268 389 2444 495 ⁷6⁹3

1383 555 1474 601 tea
1507 550 1758 600 bellatum
1779 548 1944 600 fnisse
1971 563 2085 600 cnm
2122 548 2223 599 illis
2264 549 2445 599 Etrus-

1382 641 1579 690 corum,
1594 627 1681 691 qui
1700 627 1836 676 inter
1857 626 2185 690 Apenninum
2205 635 2263 676 et
2279 625 2445 690 Alpes

1381 703 1746 754 consederunt.
1813 702 2056 753 Ceterum
2079 718 2165 751 uec
2185 701 2366 751 deficit
2389 703 2443 751 in

1382 779 1511 830 Lov.
1531 784 1582 829 ὁ.
1611 779 1765 843 primo
1787 776 2004 842 praefert
2027 779 2167 830 Has.
2218 778 2357 828 Vide
2377 777 2443 828 ad

1384 870 1439 905 ν.
1482 860 1561 905 16.
1590 857 1619 919 §
1663 860 1708 905 1.
1760 857 1887 906 Tum
1932 856 2188 906 Tuscorum
2224 857 2354 905 Lov,
2392 859 2446 905 3.

1382 931 1565 996 Vide§
1589 946 1699 996 seq.
1726 939 1779 982 et
1801 933 1866 982 ad
1890 947 1955 982 ιι.
1976 937 2057 983 47.
2076 937 2105 999 §
2125 938 2177 985 6.
2231 931 2444 983 Deinde

1382 1023 1537 1058 voees
1568 1009 1777 1072 primuni
1814 1010 2146 1067 Etruscorum,
2181 1011 2265 1059 sed
2298 1010 2443 1058 inulto

1381 1090 1613 1134 anteum
1630 1084 1695 1134 iis
1717 1099 1817 1135 non
1841 1084 2099 1148 adparent
2120 1086 2174 1135 in
2197 1086 2326 1135 Lov.
2349 1090 2399 1135 4.

1453 1162 1553 1217 Qui
1574 1163 1703 1212 inter
1724 1161 2028 1224 Apenninum
2049 1161 2285 1226 Alpesque
2314 1162 2446 1211 inco·

1380 1238 1563 1304 lebant]
1602 1239 1703 1296 Qus·
1719 1241 1904 1303 Apena-
1927 1242 2162 1304 Alpesque
2182 1239 2447 1290 incolebant

1383 1313 1532 1363 Leid-
1552 1319 1604 1365 2.
1639 1316 1763 1365 Non
1788 1330 1996 1380 sequor.
2025 1323 2041 1347 ‘
2064 1316 2305 1367 Incolcre
2322 1316 2338 1340 ’
2359 1317 2445 1367 bie

1382 1394 1619 1444 absolute
1655 1396 1868 1457 ponitur
1898 1396 2009 1445 sine
2042 1410 2183 1446 casn.
2232 1393 2382 1445 Infra
2403 1410 2446 1444 1.

1381 1473 1430 1520 1.
1462 1469 1481 1498 ‘
1502 1471 1882 1535 Euganeisque,
1911 1473 2000 1537 qni
2029 1471 2168 1539 inter
2188 1487 2328 1522 mare
2350 1471 2446 1523 Al-

1381 1560 1580 1611 pesque
1604 1547 1921 1606 incolebant,
1945 1548 2138 1614 pulsis!
2196 1562 2322 1599 xxi.
2361 1552 2446 1598 ⁸1.

1378 1629 1394 1653 ⁴
1420 1623 1666 1673 Incolunt
1710 1638 1875 1687 prope
1926 1623 2265 1686 Allobroges:
2285 1623 2301 1647 ’
2355 1624 2444 1674 ubi

1379 1699 1533 1763 plura
1597 1699 1736 1751 vide.
1802 1700 2046 1750 Ceterum
2108 1700 2445 1765 Appenninum

1380 1795 1590 1844 semper
1610 1781 1846 1831 scribunt
1870 1788 2089 1832 vetustte
2113 1780 2233 1830 edd.
2254 1787 2311 1830 et
2334 1781 2445 1844 qui·

1379 1855 1499 1907 dam
1539 1865 1772 1906 veterum
1805 1857 1959 1906 codd.
2014 1857 2163 1906 Idem
2198 1857 2353 1905 etism
2388 1856 2441 1905 in

1379 1935 1581 1998 optimo
1619 1934 1816 1984 Medic.
1856 1942 1913 1983 et
1949 1934 2061 1984 aliis
2097 1933 2254 1985 Plinii
2291 1933 2443 1997 codd.

1379 2010 1688 2070 obcurrere,
1737 2011 1945 2060 notavit
1978 2010 2138 2059 Corte
2189 2008 2255 2056 nd
2303 2008 2443 2058 Plin-

1381 2087 1484 2148 Ep.
1507 2099 1563 2135 v.
1580 2090 1632 2134 6.
1656 2087 1754 2149 §2
1790 2084 1896 2135 Sed
1923 2085 2075 2134 male.
2112 2083 2252 2133 Vide
2278 2086 2444 2134 Dans·

1378 2162 1519 2225 quei.
1558 2160 1811 2224 Ortbogr.
1847 2169 1985 2224 part.
2018 2174 2124 2209 sec.
2162 2159 2261 2208 buc
2296 2174 2443 2209 voce.

1378 2239 1505 2288 Mox
1530 2254 1760 2302 pugnare,
1784 2253 1877 2302 pro
1897 2252 2192 2302 pugnavere,
2216 2237 2367 2286 Harl.
2391 2240 2444 2286 2.

1379 2321 1438 2365 et
1454 2316 1581 2364 Lov.
1592 2322 1643 2365 6.
1659 2332 1691 2365 s
1705 2331 1771 2364 m.
1793 2329 1871 2379 pr.
1884 2329 2211 2378 oppugnavere
2224 2313 2444 2363 Gaertn.

1440 2393 1471 2456 ξ
1489 2396 1521 2441 7
1564 2393 1823 2442 Tuscorum
1859 2397 1972 2440 ants
2006 2391 2330 2439 Romanorum
2350 2390 2443 2438 im·

1370 2467 1559 2531 perium
1580 2469 1677 2517 tute
1698 2473 1829 2518 terra
1857 2468 2069 2531 marique
2101 2481 2209 2529 opes
2227 2468 2443 2531 potuere]

1377 2545 1479 2594 Est
1516 2545 1569 2594 in
1604 2544 1786 2594 codice
1822 2545 1990 2594 veteri
2029 2549 2144 2593 ante
2173 2545 2443 2593 Romumm

1375 2620 1493 2684 inep-
1542 2635 1644 2671 non
1689 2622 2025 2669 Romanorum.
2078 2621 2245 2670 Rben.
2311 2619 2443 2671 Anu

1376 2698 1648 2747 Romnum
1681 2698 1797 2760 imp.
1823 2695 2111 2760 praefernnt
2142 2697 2300 2746 etiam
2335 2712 2440 2746 om·

1375 2787 1469 2822 nes
1491 2787 1647 2822 mauu
1677 2773 1903 2833 exarati,
1937 2772 2123 2836 quibus
2145 2779 2284 2821 nter.
2352 2772 2440 2821 ln-

1376 2863 1535 2913 super
1559 2849 1871 2897 Etruscorum
1892 2855 1971 2896 est
1995 2848 2046 2896 iu
2071 2848 2197 2897 Lov.
2218 2852 2269 2896 2.
2301 2847 2439 2896 Vide

1374 2924 1529 2974 modo
1550 2922 1615 2972 ad
1640 2926 1669 2987 ξ
1694 2936 1850 2985 praec.
1892 2922 2099 2972 Deinde
2112 2937 2224 2983 opes
2238 2936 2441 2985 paruere

1375 3001 1511 3050 mule
1538 2998 1721 3063 fragm.
1744 2999 1884 3048 Hav.
1940 2998 2026 3048 lta
2046 2999 2278 3048 variatur
2298 2998 2437 3062 apud

1376 3075 1492 3126 Cic.
1516 3075 1565 3124 in
1592 3076 1745 3126 Orat.
1767 3088 1864 3137 pro
1885 3072 2033 3137 Rege
2061 3073 2236 3122 Deiot.
2252 3087 2370 3137 esp.
2385 3077 2438 3126 ,5.

1373 3153 1620 3203 Dicendo
1640 3157 1811 3202 autem
1833 3164 1962 3213 opes
1996 3157 2011 3179 ‘
2037 3151 2143 3200 lete
2168 3157 2310 3199 terra
2332 3163 2439 3199 mu·

1373 3229 1524 3292 rique
1549 3226 1804 3292 patuisse'
1838 3227 2058 3283 indicet,
2080 3240 2169 3274 eas
2193 3240 2438 3288 summas,

1374 3313 1430 3355 et
1451 3319 1549 3369 per
1580 3317 1813 3367 magnum
1850 3303 2076 3366 spatium
2112 3310 2255 3352 terre
2283 3302 2436 3351 mari·

1373 3395 1475 3445 qne
1498 3388 1741 3430 extensas
1764 3376 1941 3427 fuisse.

1440 3457 1624 3513 Quibus
1643 3455 1795 3504 Italia
1827 3454 1996 3503 insulae
2032 3454 2167 3501 modo
2201 3452 2432 3513 cingitur,

1373 3539 1602 3597 quantum
1629 3530 1895 3594 patuerint]
1946 3530 2129 3585 Quibus
2165 3529 2232 3577 lt.
2264 3529 2434 3577 insula

1371 3613 1508 3660 modo
1526 3611 1724 3671 angitur
1745 3608 1891 3657 Port.
1924 3606 2091 3669 quibus
2110 3604 2260 3653 Italia
2279 3605 2434 3654 insula

1371 3688 1507 3735 modo
1536 3685 1749 3747 cingitur
1786 3681 1933 3732 Leid.
1959 3685 2005 3732 1.
2055 3682 2265 3729 Deinde
2286 3693 2453 3744 quane-

1370 3767 1473 3811 tuns
1487 3763 1742 3824 potueruut
1762 3757 1913 3808 Harl.
1936 3760 1988 3808 2.
2012 3763 2065 3804 et
2087 3756 2237 3804 Port.
2447 3766 2451 3770 ·

1435 3840 1519 3902 §8
1557 3834 1720 3885 Greci
1756 3834 1917 3881 sudem
1957 3831 2252 3895 Tyrrhenum
2289 3836 2431 3895 atque

1368 3914 1678 3966 Adriaticum
1712 3906 1906 3969 vocant]
1939 3907 2157 3958 Eandem
2200 3905 2349 3956 Harl.
2380 3911 2430 3958 l.

1370 3988 1583 4040 Deinde
1622 3983 1855 4050 {tyrrheni
1893 3982 2045 4031 Voss.
2077 3986 2125 4031 2.
2182 3982 2432 4033 Ἠπεκαηι

1346 4066 1553 4127 ‘fragm-
1586 4062 1726 4112 Hav.
1779 4060 1999 4112 firmum
2036 4060 2163 4108 Lov.
2185 4062 2239 4108 2.
2276 4058 2431 4108 Harl.

1366 4147 1417 4195 2.
1433 4142 1583 4190 Port.
1598 4146 1655 4187 et
1672 4136 1891 4187 Gaertn.
1922 4133 2114 4186 Postea
2126 4138 2269 4196 atque
2283 4125 2430 4183 Adri-

1366 4217 1548 4267 aticum
1579 4228 1707 4264 mre
1743 4215 1913 4260 vocant
1946 4210 2096 4259 Voss.
2118 4213 2162 4257 1.
2198 4207 2346 4257 Leid.
2376 4212 2428 4270 2.

1367 4295 1520 4347 Harl.
1540 4296 1591 4345 2.
1630 4289 1759 4340 Lov.
1784 4292 1831 4339 1.
1855 4291 1905 4337 4.
1937 4291 1987 4337 5.
2021 4284 2171 4337 Port.
2210 4282 2345 4335 Hsv.
2369 4291 2425 4336 et
