2934 4925
490 378 666 447 '7640

489 536 619 588 ferri
649 541 842 602 posset.
907 537 1155 588 Similiter
1183 538 1341 588 etiam
1375 539 1553 602 Curio,

491 617 708 680 ejusque
731 617 971 678 exemplo
994 615 1200 681 quidem
1228 616 1553 680 sequentium

492 692 800 753 ediderunt3
833 698 1110 755 vernm‚nt
1133 692 1357 749 videtur,
1380 707 1555 741 errore

490 783 785 832 operarum.
856 769 1045 832 Templa
1086 769 1299 818 Romana
1333 767 1480 818 Leid.
1504 771 1555 816 2.

490 853 548 895 et
573 846 699 894 Lov-
728 849 775 894 l.

556 921 762 970 Senatus
791 920 843 969 in
865 922 1186 984 quatriduum,
1213 924 1295 986 850.
1319 921 1549 985 sefflica·

488 996 640 1047 tiones
655 998 893 1063 decernit]
931 999 1383 1062 Praepositionem,
1402 1013 1555 1062 quarn

487 1090 666 1124 omnes
709 1076 1019 1125 vetustiores
1063 1075 1243 1125 excusi
1293 1076 1555 1138 ignorant,

488 1152 687 1215 primus
711 1151 913 1201 addidit
934 1151 1116 1201 Aldus.
1181 1152 1427 1201 Eemdem
1455 1153 1557 1203 eti·

491 1242 573 1276 am
598 1242 698 1277 uno
719 1241 810 1277 ore
834 1233 1045 1277 tuentur
1067 1243 1244 1277 omnes
1263 1228 1416 1278 codd.
1434 1231 1555 1279 mei.

487 1303 761 1354 Praeterea
812 1305 1013 1369 supplic.
1056 1306 1264 1355 decrevit
1313 1306 1460 1355 Leid.
1504 1311 1554 1357 2.

489 1379 643 1430 Harl.
667 1385 718 1431 2.
741 1380 879 1430 Hav.
903 1388 960 1431 et
984 1382 1111 1431 Lov.
1137 1387 1187 1431 4.
1223 1397 1286 1432 ac
1320 1388 1370 1430 6.
1399 1383 1556 1446 signi-

476 1454 734 1519 ficationes
753 1457 963 1506 decrevit
986 1457 1111 1506 Lov.
1136 1462 1186 1508 2.

556 1533 585 1596 ξ
608 1536 649 1584 4
687 1534 1055 1597 Triumphusque
1086 1549 1266 1584 omnem
1289 1539 1557 1585 consuetum

488 1610 750 1660 honorandi
782 1610 914 1661 iuius
935 1611 1032 1661 diei
1053 1614 1243 1661 modum
1263 1613 1557 1676 aliquantum

489 1687 720 1751 excessit]
757 1688 885 1737 Mss.
907 1689 1034 1738 diem
1054 1689 1187 1738 illius
1208 1692 1409 1740 modum.
1454 1690 1555 1738 Le-

490 1777 559 1827 go
596 1763 727 1813 illius
757 1765 868 1814 die:
922 1766 1108 1826 prisce.
1155 1768 1332 1816 Klock.
1415 1767 1555 1821 Pall

489 1840 798 1892 membranae
844 1844 1076 1906 optimae,
1108 1860 1239 1895 cons.
1281 1845 1446 1894 honor.
1476 1846 1555 1895 die

487 1917 622 1967 illius
640 1920 826 1968 modum
845 1919 958 1983 aliq.
974 1921 1192 1970 excessit.
1259 1921 1358 1969 Est
1379 1928 1552 1970 autem

488 1994 561 2042 ita
594 1995 737 2058 loqui
765 1996 975 2045 solitum
1009 2005 1116 2046 tam
1157 1996 1361 2061 poetas,
1398 2013 1554 2062 quam

488 2069 778 2120 historicos.
840 2072 1090 2134 Virgilius
1126 2072 1323 2136 Georg.
1363 2088 1403 2122 ι.
1436 2078 1553 2124 208.

489 2146 508 2174 ‘
533 2146 689 2194 Libra
723 2146 807 2196 die
832 2149 1101 2211 somnique
1125 2163 1278 2212 pares
1302 2149 1392 2198 ubi
1415 2147 1553 2199 fece-

490 2221 562 2269 rit
582 2219 797 2270 horas.’·
835 2223 972 2273 Vide
991 2224 1254 2275 Juvenilia
1275 2231 1454 2275 nostra
1491 2240 1558 2276 11.

490 2301 541 2346 7.
580 2297 735 2348 Gebh.
798 2300 886 2348 De
911 2300 1142 2363 genitivo
1173 2301 1263 2350 illo
1286 2303 1366 2352 die
1383 2303 1558 2368 prisco

490 2374 650 2423 modo
689 2374 914 2425 formato
949 2376 1070 2426 vide
1105 2376 1173 2427 ad
1216 2391 1296 2428 ιι.
1327 2383 1411 2429 37.
1444 2380 1474 2443 ξ
1506 2383 1558 2431 4.

491 2448 598 2499 Hic:
634 2457 804 2500 tamen
840 2467 1070 2504 meorum
1103 2453 1274 2504 nullus
1308 2456 1558 2506 Palatinis

467 2528 770 2577 monsentit.
850 2528 1048 2582 Omnes
1076 2532 1346 2582 vocabula
1390 2539 1556 2583 trans·

491 2610 713 2665 ponunt,
749 2604 983 2668 legentes
1016 2606 1112 2655 diei
1145 2607 1291 2657 illius.
1358 2608 1557 2657 Verum

490 2680 705 2743 insuper
728 2682 885 2731 etiam
906 2682 1030 2731 diem
1057 2682 1189 2732 illins
1215 2684 1396 2748 legunt
1419 2685 1560 2736 Flor.

491 2752 644 2805 Voss.
669 2762 904 2821 uterque,
929 2756 1077 2807 Leid.
1102 2765 1337 2822 uterque,
1362 2760 1490 2809 Lov-
1514 2764 1559 2809 1.

491 2834 542 2879 2.
561 2834 613 2880 3.
635 2835 684 2880 4.
720 2832 870 2882 Harl.
897 2836 942 2883 l.
972 2840 1028 2888 ,et
1050 2833 1238 2898 fragm.
1262 2835 1399 2886 Hav.
1424 2851 1457 2885 a
1489 2852 1556 2886 m.

491 2922 573 2971 pr.
639 2908 800 2958 Notae
831 2915 1006 2960 antem
1043 2912 1256 2960 vocibus
1290 2913 1393 2961 illis
1427 2927 1457 2962 a
1490 2927 1558 2961 m.

492 2996 602 3031 sec.
621 2983 870 3047 subjecta
895 2994 1032 3046 sunt,
1053 2985 1375 3042 indicatum,
1398 2988 1555 3044 inter-

491 3059 717 3121 polatori
738 3060 899 3109 videri
923 3076 1010 3110 eas
1030 3062 1275 3112 delendas
1298 3077 1429 3113 esse.
1476 3063 1558 3112 Ex

491 3135 718 3186 omnium
734 3135 912 3202 itaque
931 3133 1186 3187 consensu
1205 3139 1438 3188 ordinem
1455 3154 1560 3188 uiu-

470 3210 617 3258 <tavi.
656 3211 916 3261 ‘In-Pan.
951 3222 1124 3263 utitem
1159 3216 1368 3278 optimis
1398 3231 1558 3268 mem-

490 3284 666 3336 branis
684 3288 863 3338 ultima
881 3289 1034 3339 litera
1048 3291 1137 3338 τοῦ
1151 3291 1249 3341 diei
1265 3292 1562 3355 intercepta

491 3375 607 3412 esse
643 3368 820 3426 potest
853 3380 886 3414 a
920 3365 1088 3429 prima
1113 3363 1256 3416 vocis
1282 3382 1389 3434 seq.
1410 3369 1558 3418 illius.

491 3437 767 3489 Praeterea
797 3441 1088 3506 triumphum
1122 3457 1304 3492 omnem
1337 3444 1559 3495 Guertn.

492 3515 760 3578 triumphus
778 3531 958 3566 omnem
976 3517 1128 3567 Harl.
1147 3522 1196 3566 1.
1217 3526 1273 3567 et
1296 3519 1444 3569 Port.
1493 3520 1558 3576 In

489 3593 667 3644 verbis
711 3594 975 3657 praecedd.
1026 3595 1270 3645 ordinibus
1307 3596 1456 3647 deest
1504 3598 1558 3650 in

493 3669 622 3718 Lov.
645 3673 695 3720 4.
726 3668 997 3724 obviomin
1027 3670 1155 3719 Lov.
1178 3674 1228 3720 2.
1290 3672 1418 3720 Tum
1453 3673 1557 3722 alio

491 3745 674 3793 ordine
697 3745 840 3795 ullius
860 3748 1005 3795 antea
1023 3760 1242 3809 umquam
1265 3747 1558 3810 praefernnt

491 3817 644 3870 Voss.
678 3826 725 3870 1.
762 3829 819 3871 et
856 3824 1006 3873 Leid.
1043 3827 1093 3872 2.
1134 3823 1256 3871 -ullis
1284 3828 1425 3874 antea
1455 3840 1557 3873 um·

492 3910 632 3959 quam
656 3896 783 3946 Lov.
806 3901 855 3945 1.
885 3898 1010 3948 nllus
1026 3910 1247 3961 umquam
1268 3905 1409 3949 antea
1432 3900 1557 3949 Lov-

492 3977 544 4021 4.
646 3985 653 3992 ⁴*
1348 4007 1353 4016 -

492 4089 500 4097 .
560 4052 634 4114 §5
658 4050 875 4100 Maxime
889 4057 1158 4114 conspectus
1170 4052 1270 4115 ipse
1284 4054 1382 4118 est]
1410 4053 1558 4112 Max-⁷

491 4126 587 4176 ime
615 4132 832 4189 aspectus
864 4126 1087 4177 Harl-⁴1.
1113 4136 1170 4178 et
1192 4130 1329 4178 Hav.
1394 4130 1556 4180 Male.

494 4203 581 4256 De
614 4216 746 4251 voce
775 4207 1045 4265 conspectus
1075 4202 1194 4253 vide
1226 4204 1303 4254 ad·
1325 4219 1400 4255 iv.
1425 4208 1558 4271 13.§

495 4281 545 4327 3.
611 4277 840 4332 Verbum
860 4284 935 4330 eet
954 4281 1157 4332 exsulat
1180 4295 1209 4331 a
1235 4282 1362 4333 Lov.
1386 4285 1436 4331 2.

1185 394 1405 445 NOTAE
1456 392 1864 447 VARIORUM
1914 386 1994 444 IN

1698 539 1967 602 Parumque
1987 539 2040 588 id
2061 553 2154 588 non
2174 538 2316 589 civile
2333 542 2484 599 modo,
2502 545 2587 593 sed
2606 527 2690 592 1ιαῖ

1630 628 1819 663 manum
1836 615 1999 677 etiam,
2020 615 2195 679 υἰεωπ]
2239 616 2511 680 Parumque
2532 619 2584 666 in
2600 617 2692 669 ἀῆο

1629 690 1768 739 civile
1793 690 1942 740 Leid.
1964 695 2011 740 2.
2031 699 2087 741 et
2105 692 2230 741 Lov.
2257 697 2305 741 1.
2351 694 2482 743 Tum
2506 694 2693 743 civilem

1627 768 1763 814 modo
1786 766 1923 816 Flor.
1947 767 2169 817 Gaertn.
2192 774 2247 816 et
2270 767 2407 817 Hav.
2457 770 2564 818 Sed
2589 769 2693 831 pri·

1629 855 1716 890 ma
1735 841 1888 892 litera
1912 843 2050 892 vocis
2072 857 2182 907 seq.
2208 858 2484 907 perperam
2509 846 2563 895 in
2588 843 2693 901 fine

1629 914 1984 980 praecedentis
2027 920 2257 982 repetita
2277 929 2395 970 est.
2462 920 2602 969 Vide
2627 919 2694 968 ed

1631 1007 1720 1044 xz..
1742 999 1793 1045 7.
1819 996 1848 1059 ξ
1869 1000 1918 1044 8.
1986 998 2223 1060 Denique
2246 997 2373 1045 hum.
2400 997 2547 1045 etiam
2568 996 2694 1045 invi-

1630 1085 1736 1120 sum
1758 1070 1944 1136 fragm.
1965 1072 2105 1122 Hav.
2128 1087 2158 1122 a
2181 1088 2250 1122 m.
2274 1087 2352 1136 pr.
2416 1072 2611 1121 Verum
2636 1080 2692 1131 et

1630 1147 1716 1197 hie
1760 1147 1875 1198 dnae
1922 1149 2123 1212 priores
2160 1151 2348 1206 literae,
2390 1150 2503 1199 voci
2536 1146 2693 1199 visum

1632 1225 1953 1288 praepositae,
1977 1234 2113 1275 natae
2131 1232 2251 1275 sunt
2274 1240 2342 1274 ex
2365 1226 2543 1274 ultima
2561 1238 2695 1290 prae-

1631 1300 1870 1351 cedentis
1888 1300 2051 1351 etiam.
2108 1302 2355 1364 Ejusdem
2380 1302 2567 1350 erroris
2591 1301 2696 1358 alia

1630 1378 1873 1441 exempla
1894 1378 2164 1427 habuimus
2179 1391 2217 1426 ι.
2239 1382 2320 1426 67.
2345 1378 2374 1441 §
2399 1381 2478 1426 10.
2495 1381 2550 1425 et
2570 1391 2693 1439 cap.

1629 1454 1759 1517 60.§
1784 1459 1829 1504 1.
1853 1467 1941 1503 ιιι.
1965 1458 2047 1504 24.
2075 1454 2103 1517 §
2126 1460 2176 1503 6.
2200 1467 2277 1502 ιν.
2302 1459 2351 1502 6.
2386 1456 2414 1517 §
2444 1456 2493 1501 2.
2532 1453 2693 1511 etiam

1629 1529 1727 1579 hoe
1749 1529 1839 1579 lib.
1863 1544 1910 1580 c.
1933 1534 2017 1587 62.
2041 1530 2070 1593 §
2090 1534 2140 1579 2.
2162 1542 2285 1579 vm.
2311 1533 2395 1578 23.
2418 1529 2447 1592 §
2467 1531 2547 1576 14.
2567 1542 2691 1590 cap.

1630 1609 1713 1654 38.
1745 1607 1773 1670 §
1809 1610 1891 1655 11.
1934 1605 2074 1656 Vide
2110 1605 2323 1669 insuper
2356 1605 2438 1653 ad
2451 1617 2688 1653 xxxvii.

1697 1761 1726 1824 ξ
1758 1763 1791 1808 6
1822 1758 1964 1808 Jovis
2006 1757 2223 1847 Solisque
2259 1758 2391 1821 equis
2422 1758 2692 1822 ‹equipara-

1630 1841 1734 1886 tum
1753 1836 2076 1885 dictatorem
2057 1851 2112 1884 :n
2133 1836 2408 1898 religionem
2428 1836 2573 1886 etiam
2596 1841 2699 1891 tra-

1629 1912 1830 1977 hebant]
1866 1912 2191 1961 Membranae
2235 1912 2516 1965 Fuldenses
2544 1913 2698 1974 ‹eqni-

1625 1988 1791 2052 perari
1812 1988 2110 2039 dictatorem.
2144 1989 2373 2038 Medius.
2431 1989 2568 2037 Pan.
2593 1990 2698 2038 duo

1630 2064 1913 2128 aequiparati
1934 2080 1952 2112 .-
1986 2065 2125 2114 unde
2159 2063 2368 2113 Modius
2389 2065 2701 2128 ‹equiperari-

1627 2141 1753 2190 'Non
1789 2154 1919 2204 opus
1950 2146 2029 2188 est
2058 2139 2164 2188 nlla
2192 2139 2493 2189 mutatione.
2532 2140 2694 2189 Gelae.

1632 2217 1849 2281 Nescio,
1894 2231 1958 2266 an
2001 2217 2208 2278 integra
2251 2216 2359 2265 sint
2401 2215 2502 2265 loci
2542 2217 2697 2279 hujus

1617 2295 1810 2347 rerba.
1877 2294 1976 2344 Cui
1999 2293 2135 2342 enim
2158 2293 2506 2357 aequipuramr
2528 2291 2697 2349 dicta-

1635 2372 1751 2420 tor?
1807 2371 1996 2419 Utrum
2022 2369 2201 2432 equis?
2247 2367 2557 2420 Quomodo?
2592 2382 2693 2416 nee

1632 2449 1767 2502 enim
1811 2448 2144 2511 intelligitur.
2212 2446 2328 2496 Imo
2368 2460 2435 2496 ne
2471 2445 2696 2509 'quidem

1631 2527 1708 2576 eis
1751 2526 1928 2576 Livius
1968 2526 2347 2590 aeqniparatum
2388 2523 2568 2586 voluit,
2601 2522 2696 2571 sed

1630 2603 1773 2655 Jovi.
1840 2596 2018 2654 Quare
2050 2601 2177 2650 illud
2217 2600 2351 2663 equis
2382 2614 2481 2649 non
2508 2607 2587 2649 est
2609 2614 2697 2649 ca-

1631 2694 1717 2728 sus
1742 2675 1945 2742 tertius,
1969 2673 2061 2727 sed
2086 2672 2334 2726 ultimus.'
2379 2677 2498 2728 Jam
2528 2676 2570 2724 si
2607 2691 2694 2724 ca-

1617 2770 1719 2805 ,sus
1756 2755 1843 2804 ille
1876 2756 2107 2817 ultimus,
2128 2753 2295 2803 oratio
2329 2766 2430 2800 non
2454 2758 2535 2800 est
2558 2752 2694 2805 inte·'

1631 2846 1743 2895 gre,
1766 2831 1887 2896 quia
1908 2832 2033 2880 nihil
2058 2836 2159 2894 est,
2182 2828 2317 2894 quod
2338 2829 2408 2892 τῷ
2426 2828 2695 2891 ‹equipara-

1608 2916 1732 2960 um
1754 2908 2081 2974 respondeat.
2136 2910 2314 2961 Quare
2338 2916 2467 2973 puto
2492 2908 2695 2957 Livium

1630 2987 1905 3051 scripsisse
1948 2987 2066 3035 Jooi
2108 2986 2303 3049 Solique
2342 2985 2474 3047 equis
2516 2986 2693 3049 ‹equipz

1631 3063 1753 3113 Fuit
1775 3076 1961 3125 nempe
1984 3062 2236 3112 vocabulo
2265 3061 2403 3110 Jovis
2433 3060 2694 3133 adnexum

1627 3155 1653 3190 s
1684 3155 1751 3190 ex
1788 3141 2028 3205 sequenti
2067 3153 2194 3189 voce
2231 3138 2355 3201 Soli,
2392 3143 2448 3186 et
2481 3138 2606 3202 quia
2640 3138 2693 3187 in

1607 3218 1860 3272 ,secundo
1897 3231 2022 3266 casu
2055 3216 2217 3280 coepit
2252 3215 2375 3277 legi,
2412 3213 2571 3263 etiam
2606 3227 2694 3262 vo·

1607 3308 1743 3345 ,cem
1767 3295 1874 3344 Soli
1896 3308 1959 3344 eo
1982 3305 2107 3342 casu
2144 3297 2396 3356 putarunt
2431 3291 2693 3340 ennoean·
2745 3334 2752 3338 ,

1631 3363 1774 3419 dam.
1841 3370 2090 3419 Ceterum
2127 3382 2195 3416 ex
2232 3366 2405 3416 verbis
2439 3365 2576 3414 Livii
2604 3366 2694 3414 ada·

1631 3452 1784 3508 paret
1825 3445 1984 3495 etiam
2028 3443 2139 3494 Soli
2182 3457 2390 3493 currum
2428 3441 2692 3498 Romanos

1630 3521 1892 3576 tribuisse,
1930 3533 2154 3585 eumque
2179 3519 2378 3582 pariter
2403 3531 2519 3566 cum
2547 3518 2694 3582 equis

1629 3598 1779 3647 albis.
1845 3596 1951 3647 Ubi
1991 3610 2118 3646 vero
2150 3609 2333 3645 currus
2371 3595 2463 3643 hos
2496 3593 2693 3643 habue-

1630 3675 1756 3734 rint,
1786 3688 1886 3723 non
1911 3673 2094 3737 liquet.
2158 3671 2290 3721 Mihi
2312 3670 2595 3720 verisimile
2620 3672 2695 3722 vi-

1632 3749 1801 3806 detur,
1845 3749 2139 3812 respexisse
2175 3748 2239 3796 ad
2278 3760 2381 3804 eos,
2427 3761 2558 3810 quos
2593 3748 2696 3797 cir-

1630 3823 2011 3874 cumducebant
2047 3824 2097 3872 in
2121 3838 2316 3887 pompa
2337 3822 2598 3887 Circensi,
2619 3830 2695 3878 at·

1632 3915 1734 3963 que
1770 3899 1981 3949 thensas
2016 3900 2143 3948 alias
2169 3898 2445 3960 vocabant.
2480 3898 2698 3965 Solae-ffb

1629 3990 1713 4025 rus
1734 3975 1800 4025 de
1826 3976 1905 4025 Re
1930 3975 2166 4024 Vehicul.
2191 3988 2229 4023 ι.
2251 3978 2329 4023 18.
2355 3989 2406 4037 p.
2426 3979 2545 4024 240.
2590 3977 2696 4038 Hic

1631 4054 1774 4102 locus
1796 4058 1972 4101 servat
1995 4052 2301 4115 elegantem,
2324 4050 2398 4100 ita
2422 4052 2522 4100 sim
2546 4050 2691 4120 felix,

1632 4127 2093 4191 comparationem,
2130 4126 2326 4190 sed‚·si
2364 4126 2490 4191 quid
2522 4128 2694 4190 video,

1630 4204 1824 4254 homini
1847 4204 2080 4253 Romano
2097 4203 2379 4266 indignam.
2447 4204 2691 4254 Camillus

1632 4294 1841 4347 nempe,
1878 4280 2176 4331 Veientium
2218 4283 2383 4333 victor
2416 4287 2472 4331 et
2512 4281 2692 4336 trium-
