2934 4925
719 426 787 474 T.
834 425 1024 473 mvn
1073 425 1272 475 Hisr.
1320 427 1470 506 ¹5¹⁸·
1520 427 1587 477 v.
1633 428 1796 480 οΑΡ.
1840 413 1947 479 53.

243 565 410 617 tarcbi
441 579 512 615 ex
545 565 747 619 Camill.
771 582 822 632 p.
848 571 961 619 145.
982 568 1195 619 ὀνειδος
1224 569 1304 618 αὗ·

240 644 342 693 τοῖς
376 642 620 705 ἐσόμενον,
656 644 769 694 ἄντε
801 645 874 693 ὑπ’
906 644 1074 696 ἄλλων
1093 645 1305 707 οἷκουμέ·

239 737 325 779 νην
345 721 514 784 ὁρῶσιν
534 720 780 780 ἐπηλύδων
794 720 870 771 καὶ
892 722 1052 784 ξένων,
1075 722 1178 772 ἄντ’
1199 721 1301 786 {pn-

237 815 332 857 μον
374 794 522 848 οὖσαν
573 796 656 848 καὶ
699 797 994 860 μηλόβοτον.
1082 800 1303 864 Insuper

240 874 363 923 hauc
382 875 687 925 solitudinem
708 881 916 925 nostram
938 883 1015 925 est
1040 876 1090 925 in
1110 876 1236 925 Lov-
1251 880 1303 926 4.

239 951 361 1000 hunc
389 952 740 1002 solicitudinem
766 958 973 1003 vestram
994 952 1046 1001 in
1069 953 1206 1002 Flor.
1228 967 1305 1002 so·

241 1028 340 1076 lito
363 1028 653 1078 scribarum
678 1042 873 1079 errore.
936 1030 1069 1078 Vide
1092 1028 1167 1078 ad
1182 1042 1305 1079 vm.

241 1108 323 1155 13.
365 1104 393 1166 ξ
434 1108 514 1154 15.
584 1106 729 1155 Hanc
760 1105 1061 1155 solitudinem
1103 1113 1304 1169 vestam,

240 1194 382 1242 quam
416 1181 579 1229 urbem
612 1181 816 1231 hostium
847 1195 947 1231 esse
979 1181 1031 1230 in
1066 1182 1212 1231 Leid.
1252 1185 1300 1231 1.

237 1271 356 1322 quae
400 1257 664 1320 scriptura
714 1258 1059 1321 suspicionem
1102 1258 1304 1321 injecit,

238 1333 376 1383 forte
406 1335 683 1398 legendum
721 1350 835 1384 esse
866 1335 1162 1384 solitudinem
1196 1350 1302 1385 ras·

240 1417 358 1460 tam·
428 1411 520 1461 Ita
554 1412 668 1462 Cic.
702 1411 753 1461 in
786 1412 962 1463 Somu.
998 1412 1224 1475 Scipion.
1256 1426 1305 1461 c.

238 1492 287 1538 6.
308 1487 503 1539 ‘Vides
519 1489 740 1540 habitari
763 1491 815 1539 in
835 1499 977 1540 terra
998 1490 1126 1539 raris
1139 1498 1195 1540 et
1214 1505 1303 1540 an·

240 1566 405 1629 gustis
430 1567 488 1617 in
511 1568 655 1624 locis,
672 1576 728 1618 et
749 1568 799 1618 in
822 1568 949 1633 ipsis
969 1568 1178 1633 quidem
1202 1580 1303 1617 ma·

240 1642 391 1704 culis,
426 1643 516 1692 ubi
552 1644 832 1707 habitatur,
862 1652 1031 1694 vastas
1069 1644 1303 1695 solitudi-

239 1732 334 1770 nes
359 1718 696 1782 interjectas.'
763 1721 973 1771 Curtius
1001 1735 1100 1771 vn.
1124 1725 1172 1769 6.
1194 1722 1209 1749 ⁸
1226 1722 1303 1771 Ut

189 1816 199 1824 ·
242 1801 393 1843 vasta
422 1796 652 1845 solitudo
684 1804 738 1845 et
774 1798 964 1847 sterilis
990 1798 1191 1858 liumus,
1213 1811 1300 1846 ex-

242 1872 404 1921 cussis
448 1873 606 1921 etiam
634 1873 915 1934 radicibus,
948 1872 1305 1937 linqueretur-⁹

242 1961 297 1998 x.
316 1954 369 2000 5.
392 1950 409 1978 ‘
429 1949 593 1999 Velut
627 1950 678 1998 in
702 1958 847 2000 vasta
882 1949 1158 2000 solitudine
1198 1963 1304 1999 om·

242 2025 329 2074 nia
369 2026 516 2075 tristi
554 2026 761 2076 silentio
798 2034 937 2076 muta
978 2024 1306 2089 torpebant-⁸

242 2100 445 2151 Plinius
472 2100 616 2151 Hist.
639 2103 764 2154 Nat.
782 2116 861 2153 vr.
884 2107 965 2153 12.
985 2102 1001 2131 ‘
1018 2102 1160 2152 Asiae
1184 2116 1306 2166 quo-

243 2192 342 2241 que
371 2192 565 2242 magna
598 2181 789 2242 portio,
813 2179 1049 2244 adposita
1079 2187 1306 2244 septem·

245 2255 422 2318 trioni,
460 2254 650 2319 injuria
679 2255 860 2305 sideris
892 2256 1107 2320 rigentis
1132 2262 1304 2305 vastas

242 2331 552 2383 solitudines
593 2330 815 2381 babet:’
851 2340 906 2381 et
944 2346 992 2381 e.
1034 2335 1115 2381 17.
1139 2331 1307 2394 ‘Ideo

241 2407 393 2473 juxta
435 2415 597 2458 vastae
634 2409 939 2459 solitudines
977 2407 1307 2474 ferarumque

246 2489 545 2546 multitudo,
569 2488 707 2539 haud
732 2489 1026 2539 dissimilem
1049 2489 1309 2538 bominum

245 2565 607 2616 inmanitatem
634 2565 909 2617 obsidens.’
974 2565 1117 2615 Alibi
1138 2571 1309 2615 autem

244 2648 403 2694 oestro
425 2651 484 2694 et
504 2650 642 2695 ousta
665 2646 801 2694 inter
823 2661 878 2694 se
913 2645 967 2694 in
1000 2644 1310 2694 membranis

250 2720 470 2785 antiquis
488 2722 792 2771 commutari
812 2722 997 2772 solent.
1027 2720 1165 2770 Vide
1176 2721 1311 2770 Bur-

250 2811 420 2852 mann.
458 2796 524 2846 ad
566 2798 765 2848 Nason.
790 2797 969 2847 Amor.
992 2798 1074 2847 ΕΙ.
1100 2811 1139 2846 1.
1167 2802 1213 2847 1.
1238 2812 1314 2846 vs.

249 2875 330 2922 40.
391 2873 447 2923 si
474 2873 591 2937 quis
626 2879 800 2923 tamen
822 2874 1090 2937 vulgatum
1127 2869 1313 2935 praefe·

253 2957 351 3012 rat,
371 2958 430 2999 ut
454 2951 532 3000 ita
558 2950 759 3000 Livium
781 2950 1079 3000 solitudinem
1112 2955 1315 2999 oestrum

254 3033 308 3074 et
338 3025 502 3075 urbem
531 3025 739 3075 hostium
775 3027 1021 3090 obponat,
1052 3039 1155 3074 non
1188 3025 1316 3075 mul·

255 3110 362 3165 tum
382 3103 721 3153 adversabor.

318 3180 445 3230 Hoec
481 3183 677 3240 scelera,
699 3179 812 3244 quia
847 3181 981 3245 piget
1014 3179 1320 3246 reedificare,

191 3320 206 3336 .
256 3256 353 3306 hoec
369 3258 597 3307 dedecora
612 3258 719 3320 pati
733 3258 1050 3322 pai-alienis]
1084 3259 1321 3322 Antiqua

258 3335 581 3398 exemplaria
619 3335 810 3383 babent
847 3333 960 3398 quid
995 3335 1130 3398 pig-et
1166 3332 1319 3399 adifi-

257 3425 380 3461 care.
413 3411 582 3460 Rben.
651 3411 960 3474 Recedificare
993 3410 1196 3461 demum
1229 3410 1320 3460 de-

260 3487 334 3549 dit
360 3487 549 3548 Aldus,
571 3488 710 3551 qnod
731 3502 763 3535 a
786 3486 1034 3536 Rhenano
1063 3493 1318 3537 mutatum

263 3564 470 3614 reduxit
505 3563 560 3615 J.
605 3564 663 3612 F.
703 3562 1014 3619 Gronovius,
1049 3569 1104 3612 et
1139 3571 1322 3628 postea

261 3645 531 3690 servarunt
587 3638 921 3688 recentiores.
1006 3638 1200 3688 Nescio
1255 3652 1319 3687 an

263 3717 412 3768 bene.
479 3717 604 3770 Non
646 3716 781 3764 enim
828 3720 1082 3777 superest,
1123 3715 1220 3765 nisi
1266 3716 1319 3765 in

264 3794 469 3843 levioris
503 3791 828 3842 auctoritatis
862 3791 1015 3841 codd.
1042 3793 1168 3842 Lor.
1192 3796 1240 3841 1.
1271 3796 1324 3843 2.

265 3874 312 3918 4.
332 3876 381 3920 6.
415 3869 570 3918 Harl.
594 3873 643 3918 2.
677 3869 825 3916 Port.
862 3867 1000 3917 Hav.
1040 3876 1096 3917 et
1132 3866 1322 3933 fragm.

271 3938 428 3994 Har(
476 3945 680 4009 Reliqui
708 3958 885 3993 omnes
927 3945 1217 4009 praeferuut
1245 3949 1321 4010 pi·

266 4027 346 4082 get
367 4021 626 4085 (edificare,
649 4029 874 4084 excepto
903 4036 1003 4070 nno
1029 4024 1175 4072 Leid.
1198 4028 1245 4073 1.
1271 4025 1323 4075 iu

269 4108 368 4160 quo
388 4104 464 4146 est
483 4096 617 4159 piget
642 4101 687 4146 te
708 4095 962 4161 edificare.
1029 4098 1167 4147 Hinc
1187 4098 1324 4149 Rhe·

272 4173 391 4221 nani
429 4173 707 4222 lectionem
753 4172 1094 4222 revocandam
1134 4177 1326 4235 censui,

275 4255 329 4297 et
348 4248 555 4313 quidem
588 4255 737 4298 tanto
773 4248 955 4313 magis,
977 4250 1097 4312 quia
1128 4249 1189 4300 τὸ
1209 4252 1225 4279 ‘
1243 4266 1326 4302 re-

280 4322 548 4381 oedificare’
561 4339 667 4377 non
680 4323 829 4394 liujus
848 4324 948 4377 aevi
969 4339 1083 4377 esse
1099 4326 1326 4380 videtur.

2261 416 2435 483 7827

1377 569 1538 619 Certe
1564 570 1661 620 boc
1683 569 1820 621 Livii
1856 572 2170 637 exemplum,
2201 586 2302 638 quo
2341 576 2438 634 illi,

1377 647 1464 709 qni
1506 646 1657 697 Fabri
1695 648 2013 698 Tiresanrum
2060 659 2338 711 auxerunt,
2380 651 2433 701 id

1379 723 1578 784 optimo
1622 737 1736 772 aevo
1774 724 2036 774 vindicare
2078 727 2253 774 conati
2296 732 2437 787 suut,

1378 811 1523 861 oeque
1565 800 1819 849 incertum
1861 808 1962 861 est,
2003 808 2161 866 atque
2211 802 2435 852 alterum

1378 875 1644 926 Ciceronis
1665 892 1730 927 ex
1748 878 1811 926 ad
1826 877 1995 929 Attio.
2017 879 2116 941 Ep.
2132 884 2270 928 vul.
2290 887 2437 929 recte

1375 953 1442 1003 ab
1487 952 1614 1017 ipsis
1671 954 1946 1018 rejectum.
2015 954 2259 1004 Ceterum
2305 956 2434 1005 Hoec

1374 1030 1576 1093 scilicet,
1597 1031 1708 1093 quio
1746 1033 1879 1095 piget
1902 1031 2207 1097 reedificare,
2230 1032 2329 1080 lioec
2353 1034 2436 1081 de-

1375 1108 1542 1156 decora
1571 1107 1679 1171 poti
1707 1108 1867 1169 parati
1903 1107 2021 1156 estis
2049 1110 2176 1158 Lov.
2205 1113 2257 1158 5.
2295 1123 2327 1156 a
2365 1122 2437 1157 m.

1377 1198 1484 1232 sec.
1507 1189 1562 1233 et
1587 1197 1680 1246 pro
1705 1185 1846 1233 varia
1869 1184 2092 1233 lectione
2125 1184 2174 1233 in
2198 1185 2435 1249 margine

1376 1259 1594 1320 Portug.
1634 1259 1949 1322 adscriptum
1987 1259 2104 1310 fuit.
2169 1261 2292 1322 Sed,
2323 1263 2436 1312 vul·

1378 1343 1557 1399 gatum
1606 1335 1988 1401 praeferendum
2024 1353 2159 1395 esse,
2201 1353 2302 1388 non
2339 1338 2437 1389 du-

1376 1411 1505 1461 bito.

1442 1491 1472 1553 §
1495 1494 1527 1539 8
1550 1490 1705 1547 Quum
1726 1504 1836 1540 casa
1855 1492 1941 1540 illa
1955 1491 2214 1541 conditoris
2234 1497 2305 1541 est
2326 1507 2436 1541 nos-

1377 1566 1472 1631 iri]
1508 1567 1666 1617 Causa
1699 1568 1785 1617 illa
1820 1569 1973 1617 Port.
2014 1583 2044 1617 a
2076 1582 2142 1617 m.
2182 1582 2262 1631 pr.
2310 1569 2438 1618 crisa

1376 1642 1460 1692 illa
1498 1644 1717 1694 Gaertn.
1784 1643 1863 1693 De
1901 1658 2023 1693 casa
2064 1644 2288 1703 Romuli,
2319 1645 2439 1693 reli-

1378 1719 1524 1783 giose
1561 1735 1592 1769 a
1622 1720 1866 1769 Romanis
1906 1727 2227 1775 conservata,
2263 1728 2336 1781 et,
2368 1735 2436 1770 ne

1379 1806 1618 1861 tempore
1655 1797 1846 1861 periret
1882 1802 2038 1861 atque
2079 1796 2436 1852 intercideret,

1379 1874 1596 1923 subinde
1637 1872 1857 1931 refecta,
1890 1874 2007 1923 vide
2043 1874 2330 1938 Rycquium
2365 1873 2435 1925 de

1380 1949 1606 2013 Capitol·
1641 1964 1689 1999 e.
1725 1954 1808 1999 44.
1872 1950 2001 1999 Tum
2045 1949 2172 1999 illud
2221 1955 2293 1997 est
2334 1963 2438 1999 non

1379 2034 1553 2077 exstat
1591 2028 1643 2077 in
1684 2028 1811 2076 Lov.
1843 2033 1892 2077 5.
1926 2027 2076 2078 Harl.
2110 2030 2160 2076 2.
2198 2033 2253 2075 et
2285 2026 2437 2076 Port.

1380 2104 1583 2155 Deinde
1626 2105 1884 2155 conditoris
1920 2104 2067 2153 vestri
2107 2103 2245 2153 idem
2287 2103 2438 2153 Port.

1378 2183 1527 2231 uestri
1547 2186 1618 2230 est
1634 2180 1895 2231 conditoris
1917 2181 2043 2229 Lov.
2065 2184 2114 2229 4.
2168 2179 2270 2229 Sed
2295 2194 2439 2229 caus·

1380 2272 1490 2306 sam
1514 2271 1612 2306 non
1638 2254 1811 2320 video,
1831 2270 1926 2305 cnr
1943 2256 2189 2305 Camillus
2212 2269 2327 2304 sese
2348 2270 2440 2305 ex-

1381 2335 1576 2384 clusum
1621 2335 1796 2384 vellet.
1859 2334 2047 2383 Paullo
2090 2343 2212 2383 ante
2248 2334 2445 2393 sutum

1366 2412 1508 2480 fieri,
1530 2425 1624 2476 pro
1649 2415 1823 2463 tectum
1831 2410 1967 2477 fieri,
1987 2411 2142 2462 babet
2161 2410 2309 2460 Leid.
2328 2415 2380 2464 2.

1447 2489 1564 2538 Non
1595 2489 1648 2538 in
1682 2490 1821 2553 cesis,
1852 2489 1956 2537 ritu
1997 2494 2239 2552 pastorum
2277 2504 2444 2553 ogr-es·

1382 2563 1610 2627 titumque,
1629 2565 1845 2615 habitare
1866 2570 1941 2616 est
1969 2566 2121 2615 satius
2150 2567 2279 2616 inter
2305 2580 2444 2618 socru

1377 2646 1660 2705 penatesque
1679 2642 1884 2706 vestros]
1912 2642 2079 2691 Nonne
2098 2642 2150 2691 in
2165 2642 2290 2691 cesis
2306 2642 2443 2693 Hav.

1385 2717 1478 2766 sed
1500 2732 1568 2768 ex
1588 2718 2048 2785 interpretationes
2081 2732 2177 2767 noa
2205 2719 2359 2781 enim,
2383 2727 2445 2769 nt

1385 2794 1643 2858 saepe,hie
1665 2799 1746 2844 est
1765 2809 1857 2858 pro
1881 2801 1896 2824 ‘
1912 2794 2122 2845 uonne.’
2177 2795 2344 2860 Supra
2360 2810 2444 2846 lv.

1385 2874 1435 2919 4.
1457 2877 1471 2900 ‘
1488 2870 1604 2920 Hoc
1630 2870 1813 2935 ipsum,
1833 2884 1898 2920 ue
1931 2871 2243 2920 connubium
2270 2871 2446 2922 Patri·

1389 2946 1485 2996 bus
1515 2962 1631 2996 cum
1667 2945 1820 3011 plebe
1853 2953 2013 3009 esset,
2035 2960 2138 2996 non
2162 2946 2445 2996 decemviri

1389 3026 1623 3074 tulerunt
1661 3024 1839 3087 paucis
1872 3023 1952 3073 his
1976 3023 2122 3073 annis
2135 3023 2170 3073 Ρ
2204 3023 2293 3073 ubi
2310 3024 2447 3074 vide.

1389 3100 1596 3153 Deinde
1617 3101 1717 3151 ritu
1736 3105 1979 3165 postorum
1999 3102 2279 3163 agrestium,
2295 3103 2449 3151 omis-

1390 3193 1446 3227 sa
1483 3178 1744 3242 particula
1778 3193 1885 3242 que,
1927 3178 2051 3226 Lov.
2086 3181 2136 3228 2.
2201 3177 2341 3229 Hinc
2377 3184 2449 3229 m

1389 3256 1538 3305 satris
1573 3254 1724 3306 Harl.
1748 3259 1796 3304 1.
1836 3255 1924 3319 qui
1950 3253 2071 3304 sotis
2102 3253 2228 3303 dare
2262 3255 2450 3306 voluis-

1387 3345 1447 3380 se
1472 3330 1714 3393 videtui-3
1746 3330 2177 3396 quemadmodum
2206 3338 2453 3395 peccatur

1396 3412 1686 3457 xxxv11.4.
1707 3409 1735 3471 ς
1755 3410 1805 3455 8.
1873 3409 1964 3456 Est
2002 3407 2214 3457 metius
2246 3407 2377 3460 Lov.
2402 3413 2455 3460 4.

1393 3490 1442 3534 5.
1462 3499 1492 3532 a
1516 3498 1587 3533 m.
1608 3498 1689 3548 pr.
1723 3491 1776 3533 et
1801 3485 2019 3534 Hearuii
2044 3485 2217 3535 Oxou.
2243 3485 2302 3534 1..
2327 3490 2374 3534 1.
2394 3492 2453 3536 et

1394 3561 1457 3611 C.
1525 3560 1628 3609 Sed
1652 3559 2114 3611 nihilmutandnm.
2177 3562 2346 3624 Supra
2368 3575 2456 3611 ιιι.

1392 3640 1475 3686 70.
1496 3646 1512 3668 ‘
1530 3638 1702 3698 Terga
1731 3627 2010 3699 inpugnare
2038 3638 2258 3686 hostium
2288 3639 2452 3687 satius

1395 3707 1559 3761 &ianm
1584 3710 1699 3762 est.’
1749 3725 1803 3761 v.
1824 3716 1904 3761 20.
1921 3718 1934 3739 ‘
1951 3712 2122 3781 Satius
2143 3712 2301 3775 igitur
2318 3727 2457 3771 esse,

1394 3788 1719 3839 reconciliari
1755 3802 1819 3837 eo
1850 3787 1987 3836 dono
2022 3786 2186 3849 plebis
2222 3787 2454 3838 animos.¹'

1395 3879 1556 3915 xxvi.
1589 3868 1674 3916 29.
1697 3865 1713 3892 ‘
1731 3863 1895 3913 Obrui
1920 3863 2089 3912 AEtnae
2121 3863 2341 3927 ignibus,
2361 3872 2455 3916 aut

1395 3943 1560 4005 mergi
1600 3939 1760 4003 freto,
1794 3942 1956 3990 satius
1992 3941 2064 3990 illi
2104 3940 2286 3990 insulae
2321 3957 2457 4005 esse,

1397 4034 1553 4083 quam
1606 4020 1752 4068 velut
1801 4017 1923 4066 dedi
1975 4032 2124 4066 noxae
2194 4018 2458 4070 inimico.’

1396 4108 1620 4145 xxxvu.
1640 4100 1693 4144 4.
1726 4095 1742 4122 ‘
1762 4093 1956 4155 Acilio,
1993 4094 2113 4158 quia
2149 4092 2202 4142 id
2239 4110 2456 4158 exspec-

1399 4175 1502 4225 tari
1532 4174 1752 4228 sciebat,
1774 4174 1933 4222 satius
1957 4172 2119 4222 visum
2154 4181 2256 4235 est,
2291 4174 2458 4238 inopi-

1397 4255 1573 4300 natam
1612 4249 1830 4314 adgredi
1873 4247 2018 4299 rern.'
2082 4249 2218 4299 Tum
2253 4255 2302 4300 et
2328 4251 2460 4301 inter
2525 4302 2529 4306 ,

1397 4341 1552 4386 mera,
1586 4327 1748 4392 priori
1787 4339 1916 4379 voce
1952 4324 2154 4389 addita,
2186 4326 2312 4381 Lov.
2331 4329 2383 4382 4.
2405 4331 2458 4378 6.
