<?xml version="1.0" encoding="UTF-8"?>
<!DOCTYPE html PUBLIC "-//W3C//DTD XHTML 1.0 Transitional//EN"
    "http://www.w3.org/TR/xhtml1/DTD/xhtml1-transitional.dtd">
<html xmlns="http://www.w3.org/1999/xhtml" xml:lang="en" lang="en">
 <head>
  <title>
</title>
<meta http-equiv="Content-Type" content="text/html;charset=utf-8" />
  <meta name='ocr-system' content='tesseract 3.04.00' />
  <meta name='ocr-capabilities' content='ocr_page ocr_carea ocr_par ocr_line ocrx_word'/>
</head>
<body>
  <div class='ocr_page' id='page_1' title='image "./tliviipatavinih12unkngoog_0171.png"; bbox 0 0 2934 4925; ppageno 0'>
   <div class='ocr_carea' id='block_1_1' title="bbox 738 365 2054 475">
    <p class='ocr_par' dir='ltr' id='par_1_1' title="bbox 738 365 2054 475">
     <span class='ocr_line' id='line_1_1' title="bbox 738 365 2054 475; baseline 0.006 -28"><span class='ocrx_word' id='word_1_1' title='bbox 738 365 809 447; x_wconf 74' lang='grc' dir='ltr'><strong><em>τ.</em></strong></span> <span class='ocrx_word' id='word_1_2' title='bbox 859 399 1053 448; x_wconf 78' lang='lat' dir='ltr'><strong><em>mvn</em></strong></span> <span class='ocrx_word' id='word_1_3' title='bbox 1097 399 1300 450; x_wconf 69' lang='lat' dir='ltr'><strong><em>ms‘r.</em></strong></span> <span class='ocrx_word' id='word_1_4' title='bbox 1350 401 1499 453; x_wconf 77' lang='lat' dir='ltr'><strong><em>mn.</em></strong></span> <span class='ocrx_word' id='word_1_5' title='bbox 1548 402 1621 450; x_wconf 77' lang='lat' dir='ltr'><strong><em>V.</em></strong></span> <span class='ocrx_word' id='word_1_6' title='bbox 1666 403 1832 453; x_wconf 59' lang='lat' dir='ltr'><strong><em>ose.</em></strong></span> <span class='ocrx_word' id='word_1_7' title='bbox 1873 385 1983 455; x_wconf 84' lang='grc'><strong><em>29.</em></strong></span> <span class='ocrx_word' id='word_1_8' title='bbox 2047 468 2054 475; x_wconf 15' lang='lat'><em>³</em></span> 
     </span>
    </p>
   </div>
   <div class='ocr_carea' id='block_1_2' title="bbox 256 542 1358 4353">
    <p class='ocr_par' dir='ltr' id='par_1_2' title="bbox 267 542 1338 1128">
     <span class='ocr_line' id='line_1_2' title="bbox 272 542 1334 609; baseline 0.004 -17"><span class='ocrx_word' id='word_1_9' title='bbox 272 545 659 608; x_wconf 65' lang='lat' dir='ltr'><strong><em>expugnaverunt</em></strong></span> <span class='ocrx_word' id='word_1_10' title='bbox 683 542 735 592; x_wconf 86' lang='lat' dir='ltr'><strong><em>in</em></strong></span> <span class='ocrx_word' id='word_1_11' title='bbox 758 544 934 595; x_wconf 83' lang='lat' dir='ltr'><strong><em>Oxon.</em></strong></span> <span class='ocrx_word' id='word_1_12' title='bbox 970 545 1032 594; x_wconf 83' lang='grc' dir='ltr'><strong><em>Ι..</em></strong></span> <span class='ocrx_word' id='word_1_13' title='bbox 1051 549 1103 595; x_wconf 97' lang='grc'><strong><em>2.</em></strong></span> <span class='ocrx_word' id='word_1_14' title='bbox 1149 559 1334 609; x_wconf 69' lang='lat' dir='ltr'><strong><em>expug-</em></strong></span> 
     </span>
     <span class='ocr_line' id='line_1_3' title="bbox 271 618 1334 681; baseline 0.002 -10"><span class='ocrx_word' id='word_1_15' title='bbox 271 620 444 671; x_wconf 74' lang='lat' dir='ltr'><strong><em>nabunt</em></strong></span> <span class='ocrx_word' id='word_1_16' title='bbox 471 618 521 666; x_wconf 93' lang='lat' dir='ltr'><strong><em>in</em></strong></span> <span class='ocrx_word' id='word_1_17' title='bbox 548 619 610 668; x_wconf 89' lang='lat' dir='ltr'><strong><em>C.</em></strong></span> <span class='ocrx_word' id='word_1_18' title='bbox 637 619 895 681; x_wconf 80' lang='lat' dir='ltr'><strong><em>reperisse</em></strong></span> <span class='ocrx_word' id='word_1_19' title='bbox 920 619 1135 669; x_wconf 79' lang='lat' dir='ltr'><strong><em>Hearne</em></strong></span> <span class='ocrx_word' id='word_1_20' title='bbox 1158 635 1334 673; x_wconf 61' lang='lat' dir='ltr'><strong><em>monne</em></strong></span> 
     </span>
     <span class='ocr_line' id='line_1_4' title="bbox 270 693 1337 746; baseline 0.004 -4"><span class='ocrx_word' id='word_1_21' title='bbox 270 694 326 742; x_wconf 83' lang='lat' dir='ltr'><strong><em>it.</em></strong></span> <span class='ocrx_word' id='word_1_22' title='bbox 390 693 666 744; x_wconf 79' lang='lat' dir='ltr'><strong><em>Praeterea</em></strong></span> <span class='ocrx_word' id='word_1_23' title='bbox 686 695 915 744; x_wconf 83' lang='lat' dir='ltr'><strong><em>coloniam</em></strong></span> <span class='ocrx_word' id='word_1_24' title='bbox 940 695 1207 746; x_wconf 85' lang='lat' dir='ltr'><strong><em>Romanam</em></strong></span> <span class='ocrx_word' id='word_1_25' title='bbox 1230 708 1337 745; x_wconf 76' lang='lat' dir='ltr'><strong><em>enm</em></strong></span> 
     </span>
     <span class='ocr_line' id='line_1_5' title="bbox 269 770 1337 834; baseline 0.004 -17"><span class='ocrx_word' id='word_1_26' title='bbox 269 784 348 831; x_wconf 81' lang='lat' dir='ltr'><strong><em>suo</em></strong></span> <span class='ocrx_word' id='word_1_27' title='bbox 378 785 497 832; x_wconf 86' lang='lat' dir='ltr'><strong><em>agro</em></strong></span> <span class='ocrx_word' id='word_1_28' title='bbox 532 770 663 820; x_wconf 80' lang='lat' dir='ltr'><strong><em>Lov.</em></strong></span> <span class='ocrx_word' id='word_1_29' title='bbox 686 777 735 821; x_wconf 98' lang='grc'><strong><em>5.</em></strong></span> <span class='ocrx_word' id='word_1_30' title='bbox 767 771 994 821; x_wconf 87' lang='lat' dir='ltr'><strong><em>coloniam</em></strong></span> <span class='ocrx_word' id='word_1_31' title='bbox 1025 786 1145 834; x_wconf 86' lang='lat' dir='ltr'><strong><em>agro</em></strong></span> <span class='ocrx_word' id='word_1_32' title='bbox 1174 773 1225 821; x_wconf 79' lang='lat' dir='ltr'><strong><em>in</em></strong></span> <span class='ocrx_word' id='word_1_33' title='bbox 1253 787 1337 820; x_wconf 82' lang='lat' dir='ltr'><strong><em>suo</em></strong></span> 
     </span>
     <span class='ocr_line' id='line_1_6' title="bbox 272 844 1336 899; baseline 0.004 -5"><span class='ocrx_word' id='word_1_34' title='bbox 272 844 535 894; x_wconf 80' lang='lat' dir='ltr'><strong><em>Romanam</em></strong></span> <span class='ocrx_word' id='word_1_35' title='bbox 557 846 659 896; x_wconf 77' lang='lat' dir='ltr'><strong><em>alio</em></strong></span> <span class='ocrx_word' id='word_1_36' title='bbox 683 847 865 896; x_wconf 83' lang='lat' dir='ltr'>ordine</span> <span class='ocrx_word' id='word_1_37' title='bbox 888 847 1109 899; x_wconf 75' lang='lat' dir='ltr'><strong><em>Guertn.</em></strong></span> <span class='ocrx_word' id='word_1_38' title='bbox 1177 848 1336 898; x_wconf 87' lang='lat' dir='ltr'><strong><em>Deni-</em></strong></span> 
     </span>
     <span class='ocr_line' id='line_1_7' title="bbox 269 925 1338 993; baseline 0.007 -22"><span class='ocrx_word' id='word_1_39' title='bbox 269 938 366 988; x_wconf 86' lang='lat' dir='ltr'><strong><em>que</em></strong></span> <span class='ocrx_word' id='word_1_40' title='bbox 402 925 672 975; x_wconf 79' lang='lat' dir='ltr'><strong><em>consulibus</em></strong></span> <span class='ocrx_word' id='word_1_41' title='bbox 712 926 1062 990; x_wconf 68' lang='lat' dir='ltr'><strong><em>resistentibus,</em></strong></span> <span class='ocrx_word' id='word_1_42' title='bbox 1101 930 1184 992; x_wconf 64' lang='lat' dir='ltr'><strong><em>oisc.</em></strong></span> <span class='ocrx_word' id='word_1_43' title='bbox 1225 929 1338 993; x_wconf 78' lang='lat' dir='ltr'><strong><em>quia</em></strong></span> 
     </span>
     <span class='ocr_line' id='line_1_8' title="bbox 267 1003 1338 1068; baseline 0.006 -18"><span class='ocrx_word' id='word_1_44' title='bbox 267 1008 399 1057; x_wconf 72' lang='lat' dir='ltr'><strong><em>noete</em></strong></span> <span class='ocrx_word' id='word_1_45' title='bbox 417 1003 690 1066; x_wconf 79' lang='lat' dir='ltr'><strong><em>proditione</em></strong></span> <span class='ocrx_word' id='word_1_46' title='bbox 712 1003 935 1068; x_wconf 78' lang='lat' dir='ltr'><strong><em>oppidum</em></strong></span> <span class='ocrx_word' id='word_1_47' title='bbox 954 1005 1153 1056; x_wconf 84' lang='lat' dir='ltr'><strong><em>omittit</em></strong></span> <span class='ocrx_word' id='word_1_48' title='bbox 1179 1004 1338 1056; x_wconf 75' lang='lat' dir='ltr'><strong><em>libra-</em></strong></span> 
     </span>
     <span class='ocr_line' id='line_1_9' title="bbox 270 1077 661 1128; baseline 0.003 -3"><span class='ocrx_word' id='word_1_49' title='bbox 270 1077 376 1127; x_wconf 84' lang='lat' dir='ltr'><strong><em>rius</em></strong></span> <span class='ocrx_word' id='word_1_50' title='bbox 401 1079 555 1128; x_wconf 83' lang='lat' dir='ltr'><strong>Harl.</strong></span> <span class='ocrx_word' id='word_1_51' title='bbox 576 1083 623 1128; x_wconf 90' lang='lat'><strong><em>1.</em></strong></span> <span class='ocrx_word' id='word_1_52' title='bbox 656 1112 661 1117; x_wconf 63' lang='grc'><strong>.</strong></span> 
     </span>
    </p>

    <p class='ocr_par' dir='ltr' id='par_1_3' title="bbox 261 1156 1340 1447">
     <span class='ocr_line' id='line_1_10' title="bbox 276 1156 1337 1220; baseline 0.005 -17"><span class='ocrx_word' id='word_1_53' title='bbox 276 1174 281 1181; x_wconf 88' lang='grc'><em>·</em></span> <span class='ocrx_word' id='word_1_54' title='bbox 331 1156 415 1218; x_wconf 77' lang='lat'><strong><em>§4</em></strong></span> <span class='ocrx_word' id='word_1_55' title='bbox 457 1156 746 1205; x_wconf 77' lang='lat' dir='ltr'><strong><em>Colonornm</em></strong></span> <span class='ocrx_word' id='word_1_56' title='bbox 779 1171 896 1220; x_wconf 80' lang='lat' dir='ltr'><strong><em>pars</em></strong></span> <span class='ocrx_word' id='word_1_57' title='bbox 914 1156 1125 1208; x_wconf 75' lang='lat' dir='ltr'><strong><em>maxima</em></strong></span> <span class='ocrx_word' id='word_1_58' title='bbox 1155 1157 1337 1208; x_wconf 73' lang='lat' dir='ltr'><strong><em>ineolu-</em></strong></span> 
     </span>
     <span class='ocr_line' id='line_1_11' title="bbox 262 1228 1337 1296; baseline 0.007 -18"><span class='ocrx_word' id='word_1_59' title='bbox 262 1228 376 1292; x_wconf 79' lang='lat' dir='ltr'><strong><em>mis]</em></strong></span> <span class='ocrx_word' id='word_1_60' title='bbox 402 1231 791 1296; x_wconf 69' lang='lat' dir='ltr'><strong><em>Colonorumqne</em></strong></span> <span class='ocrx_word' id='word_1_61' title='bbox 805 1247 923 1296; x_wconf 81' lang='lat' dir='ltr'><strong><em>pars</em></strong></span> <span class='ocrx_word' id='word_1_62' title='bbox 944 1234 1097 1283; x_wconf 77' lang='lat' dir='ltr'><strong><em>Harl.</em></strong></span> <span class='ocrx_word' id='word_1_63' title='bbox 1119 1238 1169 1285; x_wconf 91' lang='grc'><strong><em>2.</em></strong></span> <span class='ocrx_word' id='word_1_64' title='bbox 1188 1235 1337 1287; x_wconf 85' lang='lat' dir='ltr'><strong><em>Port.</em></strong></span> 
     </span>
     <span class='ocr_line' id='line_1_12' title="bbox 265 1304 1340 1371; baseline 0.007 -16"><span class='ocrx_word' id='word_1_65' title='bbox 265 1313 318 1356; x_wconf 90' lang='lat' dir='ltr'><strong><em>et</em></strong></span> <span class='ocrx_word' id='word_1_66' title='bbox 340 1304 529 1371; x_wconf 79' lang='lat' dir='ltr'><strong><em>fragm.</em></strong></span> <span class='ocrx_word' id='word_1_67' title='bbox 557 1307 696 1359; x_wconf 72' lang='lat' dir='ltr'><strong><em>Har.</em></strong></span> <span class='ocrx_word' id='word_1_68' title='bbox 718 1325 749 1358; x_wconf 78' lang='lat' dir='ltr'><strong>a</strong></span> <span class='ocrx_word' id='word_1_69' title='bbox 772 1325 839 1359; x_wconf 88' lang='lat' dir='ltr'><strong><em>m.</em></strong></span> <span class='ocrx_word' id='word_1_70' title='bbox 860 1324 967 1360; x_wconf 88' lang='lat' dir='ltr'><strong><em>sec.</em></strong></span> <span class='ocrx_word' id='word_1_71' title='bbox 998 1313 1264 1361; x_wconf 73' lang='lat' dir='ltr'><strong><em>colonorum</em></strong></span> <span class='ocrx_word' id='word_1_72' title='bbox 1284 1326 1340 1362; x_wconf 88' lang='lat' dir='ltr'><strong><em>ea</em></strong></span> 
     </span>
     <span class='ocr_line' id='line_1_13' title="bbox 261 1382 625 1447; baseline 0 -15"><span class='ocrx_word' id='word_1_73' title='bbox 261 1398 379 1447; x_wconf 76' lang='lat' dir='ltr'><strong><em>pars</em></strong></span> <span class='ocrx_word' id='word_1_74' title='bbox 401 1382 625 1433; x_wconf 76' lang='lat' dir='ltr'><strong><em>Gaerln.</em></strong></span> 
     </span>
    </p>

    <p class='ocr_par' dir='ltr' id='par_1_4' title="bbox 256 1463 1342 2678">
     <span class='ocr_line' id='line_1_14' title="bbox 325 1463 1338 1531; baseline 0.005 -19"><span class='ocrx_word' id='word_1_75' title='bbox 325 1463 617 1515; x_wconf 74' lang='lat' dir='ltr'><strong><em>Proditione</em></strong></span> <span class='ocrx_word' id='word_1_76' title='bbox 651 1466 876 1528; x_wconf 73' lang='lat' dir='ltr'><strong><em>oppidum</em></strong></span> <span class='ocrx_word' id='word_1_77' title='bbox 911 1471 1099 1531; x_wconf 65' lang='lat' dir='ltr'><strong><em>capium</em></strong></span> <span class='ocrx_word' id='word_1_78' title='bbox 1139 1467 1338 1517; x_wconf 78' lang='lat' dir='ltr'><strong><em>liberam</em></strong></span> 
     </span>
     <span class='ocr_line' id='line_1_15' title="bbox 256 1540 1340 1606; baseline 0.004 -17"><span class='ocrx_word' id='word_1_79' title='bbox 256 1550 344 1603; x_wconf 81' lang='lat' dir='ltr'><strong><em>per</em></strong></span> <span class='ocrx_word' id='word_1_80' title='bbox 360 1555 533 1590; x_wconf 83' lang='lat' dir='ltr'><strong><em>aversa</em></strong></span> <span class='ocrx_word' id='word_1_81' title='bbox 548 1540 680 1590; x_wconf 78' lang='lat' dir='ltr'><strong><em>urbis</em></strong></span> <span class='ocrx_word' id='word_1_82' title='bbox 687 1541 865 1604; x_wconf 79' lang='lat' dir='ltr'><strong><em>sugam</em></strong></span> <span class='ocrx_word' id='word_1_83' title='bbox 880 1541 1100 1605; x_wconf 75' lang='lat' dir='ltr'><strong><em>dederat]</em></strong></span> <span class='ocrx_word' id='word_1_84' title='bbox 1136 1543 1340 1606; x_wconf 73' lang='lat' dir='ltr'><strong><em>Captum</em></strong></span> 
     </span>
     <span class='ocr_line' id='line_1_16' title="bbox 260 1617 1340 1683; baseline 0.003 -16"><span class='ocrx_word' id='word_1_85' title='bbox 260 1618 487 1680; x_wconf 74' lang='lat' dir='ltr'><strong><em>oppidum</em></strong></span> <span class='ocrx_word' id='word_1_86' title='bbox 533 1617 681 1667; x_wconf 84' lang='lat' dir='ltr'><strong><em>Harl.</em></strong></span> <span class='ocrx_word' id='word_1_87' title='bbox 717 1622 767 1667; x_wconf 91' lang='grc'><strong><em>2.</em></strong></span> <span class='ocrx_word' id='word_1_88' title='bbox 834 1619 969 1668; x_wconf 78' lang='lat' dir='ltr'><strong><em>Tum</em></strong></span> <span class='ocrx_word' id='word_1_89' title='bbox 1007 1634 1097 1683; x_wconf 80' lang='lat' dir='ltr'><strong><em>per</em></strong></span> <span class='ocrx_word' id='word_1_90' title='bbox 1138 1621 1340 1670; x_wconf 82' lang='lat' dir='ltr'><strong><em>adversa</em></strong></span> 
     </span>
     <span class='ocr_line' id='line_1_17' title="bbox 259 1695 1339 1764; baseline 0.003 -19"><span class='ocrx_word' id='word_1_91' title='bbox 259 1696 396 1747; x_wconf 70' lang='lat' dir='ltr'><strong><em>urbis</em></strong></span> <span class='ocrx_word' id='word_1_92' title='bbox 418 1695 574 1746; x_wconf 83' lang='lat' dir='ltr'><strong><em>Voss.</em></strong></span> <span class='ocrx_word' id='word_1_93' title='bbox 600 1696 768 1761; x_wconf 78' lang='lat' dir='ltr'><strong><em>ambo,</em></strong></span> <span class='ocrx_word' id='word_1_94' title='bbox 792 1697 940 1748; x_wconf 89' lang='lat' dir='ltr'><strong><em>Leid.</em></strong></span> <span class='ocrx_word' id='word_1_95' title='bbox 964 1702 1015 1748; x_wconf 85' lang='lat'><strong><em>2.</em></strong></span> <span class='ocrx_word' id='word_1_96' title='bbox 1042 1698 1169 1748; x_wconf 87' lang='lat' dir='ltr'><strong><em>Lov.</em></strong></span> <span class='ocrx_word' id='word_1_97' title='bbox 1190 1699 1339 1764; x_wconf 88' lang='lat' dir='ltr'><strong><em>qnin-</em></strong></span> 
     </span>
     <span class='ocr_line' id='line_1_18' title="bbox 264 1772 1341 1840; baseline 0.002 -18"><span class='ocrx_word' id='word_1_98' title='bbox 264 1786 384 1837; x_wconf 85' lang='lat' dir='ltr'><strong><em>que,</em></strong></span> <span class='ocrx_word' id='word_1_99' title='bbox 410 1774 566 1823; x_wconf 89' lang='lat' dir='ltr'><strong><em>Port.</em></strong></span> <span class='ocrx_word' id='word_1_100' title='bbox 589 1773 728 1822; x_wconf 82' lang='lat' dir='ltr'><strong><em>Hav.</em></strong></span> <span class='ocrx_word' id='word_1_101' title='bbox 770 1783 825 1822; x_wconf 87' lang='lat' dir='ltr'><strong><em>et</em></strong></span> <span class='ocrx_word' id='word_1_102' title='bbox 863 1772 1047 1838; x_wconf 75' lang='lat' dir='ltr'><strong><em>fragm.</em></strong></span> <span class='ocrx_word' id='word_1_103' title='bbox 1084 1775 1223 1825; x_wconf 80' lang='lat' dir='ltr'><strong><em>Hav.</em></strong></span> <span class='ocrx_word' id='word_1_104' title='bbox 1254 1790 1341 1840; x_wconf 78' lang='lat' dir='ltr'><strong><em>per</em></strong></span> 
     </span>
     <span class='ocr_line' id='line_1_19' title="bbox 259 1848 1341 1913; baseline 0.004 -15"><span class='ocrx_word' id='word_1_105' title='bbox 259 1849 461 1899; x_wconf 78' lang='lat' dir='ltr'><strong><em>adversa</em></strong></span> <span class='ocrx_word' id='word_1_106' title='bbox 483 1848 665 1910; x_wconf 78' lang='lat' dir='ltr'><strong><em>fugam</em></strong></span> <span class='ocrx_word' id='word_1_107' title='bbox 701 1849 834 1899; x_wconf 78' lang='lat' dir='ltr'><strong><em>urbis</em></strong></span> <span class='ocrx_word' id='word_1_108' title='bbox 870 1851 1066 1901; x_wconf 73' lang='lat' dir='ltr'><strong><em>dederat</em></strong></span> <span class='ocrx_word' id='word_1_109' title='bbox 1103 1852 1257 1901; x_wconf 84' lang='lat' dir='ltr'><strong><em>Harl.</em></strong></span> <span class='ocrx_word' id='word_1_110' title='bbox 1291 1856 1341 1913; x_wconf 75' lang='grc'><strong><em>2,</em></strong></span> 
     </span>
     <span class='ocr_line' id='line_1_20' title="bbox 260 1924 1341 1992; baseline 0.006 -20"><span class='ocrx_word' id='word_1_111' title='bbox 260 1924 432 1973; x_wconf 85' lang='lat' dir='ltr'><strong><em>Male.</em></strong></span> <span class='ocrx_word' id='word_1_112' title='bbox 503 1925 789 1988; x_wconf 81' lang='lat' dir='ltr'><strong><em>Vulgatum</em></strong></span> <span class='ocrx_word' id='word_1_113' title='bbox 833 1926 1145 1977; x_wconf 75' lang='lat' dir='ltr'><strong><em>servandum</em></strong></span> <span class='ocrx_word' id='word_1_114' title='bbox 1202 1943 1341 1992; x_wconf 82' lang='lat' dir='ltr'><strong><em>esse,</em></strong></span> 
     </span>
     <span class='ocr_line' id='line_1_21' title="bbox 259 2000 1339 2066; baseline 0.009 -18"><span class='ocrx_word' id='word_1_115' title='bbox 259 2000 490 2063; x_wconf 80' lang='lat' dir='ltr'><strong><em>probant</em></strong></span> <span class='ocrx_word' id='word_1_116' title='bbox 517 2000 607 2051; x_wconf 80' lang='lat' dir='ltr'><strong><em>illa</em></strong></span> <span class='ocrx_word' id='word_1_117' title='bbox 629 2017 745 2066; x_wconf 81' lang='lat' dir='ltr'><strong><em>quae</em></strong></span> <span class='ocrx_word' id='word_1_118' title='bbox 770 2011 1021 2056; x_wconf 73' lang='lat' dir='ltr'><strong><em>notantur</em></strong></span> <span class='ocrx_word' id='word_1_119' title='bbox 1043 2006 1110 2056; x_wconf 76' lang='lat' dir='ltr'><strong><em>ad</em></strong></span> <span class='ocrx_word' id='word_1_120' title='bbox 1149 2020 1226 2056; x_wconf 75' lang='grc' dir='ltr'><strong><em>ιν.</em></strong></span> <span class='ocrx_word' id='word_1_121' title='bbox 1255 2012 1339 2058; x_wconf 92' lang='grc'><strong><em>22.</em></strong></span> 
     </span>
     <span class='ocr_line' id='line_1_22' title="bbox 262 2077 1340 2146; baseline 0.006 -20"><span class='ocrx_word' id='word_1_122' title='bbox 262 2077 290 2140; x_wconf 84' lang='lat'>§</span> <span class='ocrx_word' id='word_1_123' title='bbox 328 2080 378 2127; x_wconf 86' lang='grc'><strong><em>4.</em></strong></span> <span class='ocrx_word' id='word_1_124' title='bbox 447 2077 580 2125; x_wconf 81' lang='lat' dir='ltr'><strong><em>Mox</em></strong></span> <span class='ocrx_word' id='word_1_125' title='bbox 624 2079 897 2144; x_wconf 78' lang='lat' dir='ltr'><strong><em>profugere,</em></strong></span> <span class='ocrx_word' id='word_1_126' title='bbox 937 2095 1030 2144; x_wconf 80' lang='lat' dir='ltr'><strong><em>pro</em></strong></span> <span class='ocrx_word' id='word_1_127' title='bbox 1067 2082 1340 2146; x_wconf 74' lang='lat' dir='ltr'><strong><em>perfugere,</em></strong></span> 
     </span>
     <span class='ocr_line' id='line_1_23' title="bbox 263 2153 1249 2222; baseline 0.005 -19"><span class='ocrx_word' id='word_1_128' title='bbox 263 2154 390 2203; x_wconf 82' lang='lat' dir='ltr'><strong><em>Lov.</em></strong></span> <span class='ocrx_word' id='word_1_129' title='bbox 419 2157 474 2203; x_wconf 89' lang='grc'><strong>2.</strong></span> <span class='ocrx_word' id='word_1_130' title='bbox 544 2153 683 2203; x_wconf 85' lang='lat' dir='ltr'><strong><em>Vide</em></strong></span> <span class='ocrx_word' id='word_1_131' title='bbox 709 2156 772 2204; x_wconf 86' lang='lat' dir='ltr'><strong><em>ad</em></strong></span> <span class='ocrx_word' id='word_1_132' title='bbox 799 2169 1021 2207; x_wconf 84' lang='lat' dir='ltr'><strong><em>xxxvn.</em></strong></span> <span class='ocrx_word' id='word_1_133' title='bbox 1043 2162 1125 2209; x_wconf 98' lang='grc'><strong><em>57.</em></strong></span> <span class='ocrx_word' id='word_1_134' title='bbox 1147 2160 1175 2222; x_wconf 82' lang='lat'>§</span> <span class='ocrx_word' id='word_1_135' title='bbox 1199 2163 1249 2208; x_wconf 90' lang='grc'><strong>2.</strong></span> 
     </span>
     <span class='ocr_line' id='line_1_24' title="bbox 260 2222 1334 2296; baseline 0.007 -20"><span class='ocrx_word' id='word_1_136' title='bbox 260 2222 267 2227; x_wconf 74' lang='grc'><em>’</em></span> <span class='ocrx_word' id='word_1_137' title='bbox 322 2230 352 2292; x_wconf 79' lang='lat'>§</span> <span class='ocrx_word' id='word_1_138' title='bbox 375 2234 406 2277; x_wconf 86' lang='lat'><strong>5</strong></span> <span class='ocrx_word' id='word_1_139' title='bbox 445 2229 512 2277; x_wconf 80' lang='lat' dir='ltr'><strong><em>L.</em></strong></span> <span class='ocrx_word' id='word_1_140' title='bbox 537 2228 760 2278; x_wconf 81' lang='lat' dir='ltr'><strong><em>Lucretio</em></strong></span> <span class='ocrx_word' id='word_1_141' title='bbox 782 2233 962 2281; x_wconf 79' lang='lat' dir='ltr'><strong><em>consuli</em></strong></span> <span class='ocrx_word' id='word_1_142' title='bbox 998 2248 1053 2282; x_wconf 88' lang='lat' dir='ltr'><strong><em>ea</em></strong></span> <span class='ocrx_word' id='word_1_143' title='bbox 1083 2234 1334 2296; x_wconf 73' lang='lat' dir='ltr'><strong><em>provincia</em></strong></span> 
     </span>
     <span class='ocr_line' id='line_1_25' title="bbox 261 2298 1340 2367; baseline 0.003 -12"><span class='ocrx_word' id='word_1_144' title='bbox 261 2298 446 2367; x_wconf 74' lang='lat' dir='ltr'><strong><em>evenit]</em></strong></span> <span class='ocrx_word' id='word_1_145' title='bbox 505 2305 820 2355; x_wconf 83' lang='lat' dir='ltr'><strong><em>Praenomeu</em></strong></span> <span class='ocrx_word' id='word_1_146' title='bbox 878 2306 1059 2357; x_wconf 87' lang='lat' dir='ltr'><strong><em>deficit</em></strong></span> <span class='ocrx_word' id='word_1_147' title='bbox 1103 2309 1156 2357; x_wconf 88' lang='lat' dir='ltr'><strong><em>in</em></strong></span> <span class='ocrx_word' id='word_1_148' title='bbox 1203 2309 1340 2358; x_wconf 77' lang='lat' dir='ltr'>Hav-</span> 
     </span>
     <span class='ocr_line' id='line_1_26' title="bbox 260 2381 1339 2450; baseline 0.005 -20"><span class='ocrx_word' id='word_1_149' title='bbox 260 2382 400 2431; x_wconf 89' lang='lat' dir='ltr'><strong><em>Vide</em></strong></span> <span class='ocrx_word' id='word_1_150' title='bbox 423 2381 529 2431; x_wconf 88' lang='lat' dir='ltr'><strong><em>hoc</em></strong></span> <span class='ocrx_word' id='word_1_151' title='bbox 554 2396 671 2446; x_wconf 84' lang='lat' dir='ltr'><strong><em>cap.</em></strong></span> <span class='ocrx_word' id='word_1_152' title='bbox 695 2382 759 2432; x_wconf 79' lang='lat' dir='ltr'><strong><em>ad</em></strong></span> <span class='ocrx_word' id='word_1_153' title='bbox 797 2385 825 2448; x_wconf 60' lang='grc' dir='ltr'><strong>ς</strong></span> <span class='ocrx_word' id='word_1_154' title='bbox 862 2389 913 2434; x_wconf 91' lang='grc'><strong><em>2.</em></strong></span> <span class='ocrx_word' id='word_1_155' title='bbox 983 2385 1191 2435; x_wconf 84' lang='lat' dir='ltr'><strong><em>Deinde</em></strong></span> <span class='ocrx_word' id='word_1_156' title='bbox 1226 2401 1339 2450; x_wconf 81' lang='lat' dir='ltr'><strong><em>pro·</em></strong></span> 
     </span>
     <span class='ocr_line' id='line_1_27' title="bbox 261 2459 1342 2520; baseline 0.003 -12"><span class='ocrx_word' id='word_1_157' title='bbox 261 2460 422 2508; x_wconf 75' lang='lat' dir='ltr'><strong><em>vincia</em></strong></span> <span class='ocrx_word' id='word_1_158' title='bbox 446 2459 578 2510; x_wconf 76' lang='lat' dir='ltr'><strong><em>venit</em></strong></span> <span class='ocrx_word' id='word_1_159' title='bbox 612 2459 743 2509; x_wconf 84' lang='lat' dir='ltr'><strong><em>Lov.</em></strong></span> <span class='ocrx_word' id='word_1_160' title='bbox 770 2466 816 2509; x_wconf 96' lang='grc'><strong><em>1.</em></strong></span> <span class='ocrx_word' id='word_1_161' title='bbox 836 2466 884 2512; x_wconf 90' lang='grc'><strong><em>2.</em></strong></span> <span class='ocrx_word' id='word_1_162' title='bbox 908 2468 958 2513; x_wconf 84' lang='grc'><strong><em>5.</em></strong></span> <span class='ocrx_word' id='word_1_163' title='bbox 993 2462 1147 2512; x_wconf 87' lang='lat' dir='ltr'><strong><em>Voss.</em></strong></span> <span class='ocrx_word' id='word_1_164' title='bbox 1171 2463 1342 2520; x_wconf 78' lang='lat' dir='ltr'><strong><em>ambo,</em></strong></span> 
     </span>
     <span class='ocr_line' id='line_1_28' title="bbox 263 2537 1339 2590; baseline 0.002 -5"><span class='ocrx_word' id='word_1_165' title='bbox 263 2543 317 2590; x_wconf 83' lang='lat' dir='ltr'><strong><em>et</em></strong></span> <span class='ocrx_word' id='word_1_166' title='bbox 341 2537 496 2586; x_wconf 89' lang='lat' dir='ltr'><strong><em>Leid.</em></strong></span> <span class='ocrx_word' id='word_1_167' title='bbox 521 2540 570 2585; x_wconf 90' lang='grc'><strong><em>2.</em></strong></span> <span class='ocrx_word' id='word_1_168' title='bbox 638 2537 800 2589; x_wconf 80' lang='lat' dir='ltr'><strong><em>Male.</em></strong></span> <span class='ocrx_word' id='word_1_169' title='bbox 868 2537 1009 2588; x_wconf 84' lang='lat' dir='ltr'><strong><em>Vide</em></strong></span> <span class='ocrx_word' id='word_1_170' title='bbox 1041 2539 1246 2589; x_wconf 83' lang='lat' dir='ltr'><strong><em>hoclib·</em></strong></span> <span class='ocrx_word' id='word_1_171' title='bbox 1269 2537 1339 2589; x_wconf 76' lang='lat' dir='ltr'><strong><em>ad</em></strong></span> 
     </span>
     <span class='ocr_line' id='line_1_29' title="bbox 262 2616 545 2678; baseline -0.004 -15"><span class='ocrx_word' id='word_1_172' title='bbox 262 2627 310 2663; x_wconf 92' lang='lat' dir='ltr'><strong><em>c.</em></strong></span> <span class='ocrx_word' id='word_1_173' title='bbox 328 2619 411 2664; x_wconf 90' lang='grc'><strong><em>12.</em></strong></span> <span class='ocrx_word' id='word_1_174' title='bbox 437 2616 545 2678; x_wconf 61' lang='grc' dir='ltr'><strong><em>ξ6.</em></strong></span> 
     </span>
    </p>

    <p class='ocr_par' dir='ltr' id='par_1_5' title="bbox 263 2666 1358 4353">
     <span class='ocr_line' id='line_1_30' title="bbox 324 2666 1340 2753; baseline 0.001 -14"><span class='ocrx_word' id='word_1_175' title='bbox 324 2690 449 2739; x_wconf 80' lang='lat' dir='ltr'><strong><em>Acie</em></strong></span> <span class='ocrx_word' id='word_1_176' title='bbox 473 2690 635 2739; x_wconf 74' lang='lat' dir='ltr'><strong><em>hostes</em></strong></span> <span class='ocrx_word' id='word_1_177' title='bbox 655 2688 798 2753; x_wconf 78' lang='lat' dir='ltr'><strong><em>vicit]</em></strong></span> <span class='ocrx_word' id='word_1_178' title='bbox 839 2690 996 2740; x_wconf 81' lang='lat' dir='ltr'><strong><em>Vincit</em></strong></span> <span class='ocrx_word' id='word_1_179' title='bbox 1021 2666 1160 2741; x_wconf 74' lang='lat' dir='ltr'><strong><em>Flor.</em></strong></span> <span class='ocrx_word' id='word_1_180' title='bbox 1187 2691 1340 2741; x_wconf 86' lang='lat' dir='ltr'><strong><em>Voss.</em></strong></span> 
     </span>
     <span class='ocr_line' id='line_1_31' title="bbox 266 2766 1343 2828; baseline -0.001 -11"><span class='ocrx_word' id='word_1_181' title='bbox 266 2770 311 2817; x_wconf 88' lang='lat'><strong><em>1.</em></strong></span> <span class='ocrx_word' id='word_1_182' title='bbox 338 2766 492 2816; x_wconf 90' lang='lat' dir='ltr'><strong><em>Leid.</em></strong></span> <span class='ocrx_word' id='word_1_183' title='bbox 517 2772 568 2816; x_wconf 93' lang='grc'><strong><em>2.</em></strong></span> <span class='ocrx_word' id='word_1_184' title='bbox 605 2771 663 2816; x_wconf 87' lang='lat' dir='ltr'><strong><em>et</em></strong></span> <span class='ocrx_word' id='word_1_185' title='bbox 684 2767 811 2816; x_wconf 79' lang='lat' dir='ltr'><strong><em>Lov</em></strong></span> <span class='ocrx_word' id='word_1_186' title='bbox 838 2772 884 2817; x_wconf 86' lang='lat' dir='ltr'><strong><em>l.</em></strong></span> <span class='ocrx_word' id='word_1_187' title='bbox 953 2769 1080 2817; x_wconf 84' lang='lat' dir='ltr'><strong><em>Mox</em></strong></span> <span class='ocrx_word' id='word_1_188' title='bbox 1104 2770 1166 2817; x_wconf 82' lang='lat' dir='ltr'><strong><em>ad</em></strong></span> <span class='ocrx_word' id='word_1_189' title='bbox 1187 2767 1343 2828; x_wconf 69' lang='lat' dir='ltr'><strong><em>maius</em></strong></span> 
     </span>
     <span class='ocr_line' id='line_1_32' title="bbox 263 2841 1344 2906; baseline -0.002 -14"><span class='ocrx_word' id='word_1_190' title='bbox 263 2842 543 2906; x_wconf 81' lang='lat' dir='ltr'><strong><em>aliquando,</em></strong></span> <span class='ocrx_word' id='word_1_191' title='bbox 568 2857 663 2905; x_wconf 80' lang='lat' dir='ltr'><strong><em>pro</em></strong></span> <span class='ocrx_word' id='word_1_192' title='bbox 686 2843 767 2891; x_wconf 83' lang='lat' dir='ltr'><strong><em>ad</em></strong></span> <span class='ocrx_word' id='word_1_193' title='bbox 771 2842 883 2903; x_wconf 72' lang='lat' dir='ltr'><strong><em>maj.</em></strong></span> <span class='ocrx_word' id='word_1_194' title='bbox 901 2842 1162 2906; x_wconf 75' lang='lat' dir='ltr'><strong><em>aliquanto,</em></strong></span> <span class='ocrx_word' id='word_1_195' title='bbox 1195 2841 1344 2892; x_wconf 86' lang='lat' dir='ltr'><strong><em>Leid.</em></strong></span> 
     </span>
     <span class='ocr_line' id='line_1_33' title="bbox 268 2918 1346 2984; baseline -0.004 -16"><span class='ocrx_word' id='word_1_196' title='bbox 268 2923 315 2968; x_wconf 87' lang='lat'><strong><em>1.</em></strong></span> <span class='ocrx_word' id='word_1_197' title='bbox 341 2918 554 2984; x_wconf 78' lang='lat' dir='ltr'><strong><em>qualem</em></strong></span> <span class='ocrx_word' id='word_1_198' title='bbox 576 2933 806 2967; x_wconf 89' lang='lat' dir='ltr'><strong><em>errorem</em></strong></span> <span class='ocrx_word' id='word_1_199' title='bbox 838 2918 948 2981; x_wconf 75' lang='lat' dir='ltr'><strong><em>jam</em></strong></span> <span class='ocrx_word' id='word_1_200' title='bbox 987 2918 1257 2968; x_wconf 82' lang='lat' dir='ltr'><strong><em>habuimus</em></strong></span> <span class='ocrx_word' id='word_1_201' title='bbox 1281 2932 1346 2968; x_wconf 89' lang='grc' dir='ltr'><strong><em>ιι.</em></strong></span> 
     </span>
     <span class='ocr_line' id='line_1_34' title="bbox 264 2986 1344 3064; baseline -0.002 -18"><span class='ocrx_word' id='word_1_202' title='bbox 264 2986 348 3046; x_wconf 70' lang='lat'><strong><em>19.</em></strong></span> <span class='ocrx_word' id='word_1_203' title='bbox 386 2995 415 3058; x_wconf 63' lang='grc' dir='ltr'><strong>ς</strong></span> <span class='ocrx_word' id='word_1_204' title='bbox 437 3000 487 3043; x_wconf 90' lang='grc'><strong><em>5.</em></strong></span> <span class='ocrx_word' id='word_1_205' title='bbox 525 2993 613 3043; x_wconf 88' lang='lat' dir='ltr'><strong><em>nbi</em></strong></span> <span class='ocrx_word' id='word_1_206' title='bbox 639 3008 705 3042; x_wconf 87' lang='lat' dir='ltr'><strong><em>ex</em></strong></span> <span class='ocrx_word' id='word_1_207' title='bbox 732 2994 919 3064; x_wconf 80' lang='lat' dir='ltr'><strong><em>vitiosa</em></strong></span> <span class='ocrx_word' id='word_1_208' title='bbox 943 2994 1192 3045; x_wconf 82' lang='lat' dir='ltr'><strong><em>dictantis</em></strong></span> <span class='ocrx_word' id='word_1_209' title='bbox 1229 3009 1344 3059; x_wconf 83' lang='lat' dir='ltr'><strong><em>pro-</em></strong></span> 
     </span>
     <span class='ocr_line' id='line_1_35' title="bbox 267 3069 1344 3134; baseline 0.004 -17"><span class='ocrx_word' id='word_1_210' title='bbox 267 3069 607 3124; x_wconf 78' lang='lat' dir='ltr'><strong><em>nunciatione</em></strong></span> <span class='ocrx_word' id='word_1_211' title='bbox 648 3074 819 3124; x_wconf 83' lang='lat' dir='ltr'><strong><em>ortum</em></strong></span> <span class='ocrx_word' id='word_1_212' title='bbox 855 3085 973 3119; x_wconf 86' lang='lat' dir='ltr'><strong><em>esse</em></strong></span> <span class='ocrx_word' id='word_1_213' title='bbox 1008 3071 1344 3134; x_wconf 75' lang='lat' dir='ltr'><strong><em>conjecimus.</em></strong></span> 
     </span>
     <span class='ocr_line' id='line_1_36' title="bbox 267 3144 1345 3212; baseline 0.004 -18"><span class='ocrx_word' id='word_1_214' title='bbox 267 3144 405 3194; x_wconf 84' lang='lat' dir='ltr'><strong><em>Vide</em></strong></span> <span class='ocrx_word' id='word_1_215' title='bbox 430 3145 593 3195; x_wconf 77' lang='lat' dir='ltr'><strong><em>etiam</em></strong></span> <span class='ocrx_word' id='word_1_216' title='bbox 618 3146 682 3193; x_wconf 81' lang='lat' dir='ltr'><strong><em>ad</em></strong></span> <span class='ocrx_word' id='word_1_217' title='bbox 709 3159 796 3194; x_wconf 88' lang='grc' dir='ltr'><strong>ιιι.</strong></span> <span class='ocrx_word' id='word_1_218' title='bbox 819 3149 868 3196; x_wconf 86' lang='grc'><strong><em>8.</em></strong></span> <span class='ocrx_word' id='word_1_219' title='bbox 910 3148 938 3211; x_wconf 79' lang='lat'>§</span> <span class='ocrx_word' id='word_1_220' title='bbox 960 3152 1009 3196; x_wconf 85' lang='lat'><strong><em>9.</em></strong></span> <span class='ocrx_word' id='word_1_221' title='bbox 1045 3161 1100 3197; x_wconf 77' lang='lat' dir='ltr'><strong><em>v·</em></strong></span> <span class='ocrx_word' id='word_1_222' title='bbox 1125 3152 1206 3197; x_wconf 87' lang='grc'><strong><em>26.</em></strong></span> <span class='ocrx_word' id='word_1_223' title='bbox 1246 3150 1345 3212; x_wconf 57' lang='grc' dir='ltr'><strong><em>ξδ.</em></strong></span> 
     </span>
     <span class='ocr_line' id='line_1_37' title="bbox 268 3221 1346 3286; baseline 0.005 -17"><span class='ocrx_word' id='word_1_224' title='bbox 268 3234 348 3269; x_wconf 79' lang='lat' dir='ltr'><strong><em>lx.</em></strong></span> <span class='ocrx_word' id='word_1_225' title='bbox 387 3225 441 3271; x_wconf 84' lang='grc'><strong><em>7.</em></strong></span> <span class='ocrx_word' id='word_1_226' title='bbox 487 3223 516 3286; x_wconf 78' lang='lat'>§</span> <span class='ocrx_word' id='word_1_227' title='bbox 553 3225 602 3270; x_wconf 87' lang='grc'><strong><em>4.</em></strong></span> <span class='ocrx_word' id='word_1_228' title='bbox 671 3221 826 3271; x_wconf 88' lang='lat' dir='ltr'><strong><em>Adde</em></strong></span> <span class='ocrx_word' id='word_1_229' title='bbox 865 3222 1046 3272; x_wconf 87' lang='lat' dir='ltr'><strong><em>Burm.</em></strong></span> <span class='ocrx_word' id='word_1_230' title='bbox 1093 3224 1159 3272; x_wconf 76' lang='lat' dir='ltr'><strong><em>ad</em></strong></span> <span class='ocrx_word' id='word_1_231' title='bbox 1204 3225 1346 3274; x_wconf 83' lang='lat' dir='ltr'><strong><em>Suet.</em></strong></span> 
     </span>
     <span class='ocr_line' id='line_1_38' title="bbox 268 3294 1344 3366; baseline 0.001 -20"><span class='ocrx_word' id='word_1_232' title='bbox 268 3294 410 3366; x_wconf 65' lang='grc' dir='ltr'><strong>ᾼιις.</strong></span> <span class='ocrx_word' id='word_1_233' title='bbox 434 3310 481 3347; x_wconf 87' lang='lat' dir='ltr'><strong><em>c.</em></strong></span> <span class='ocrx_word' id='word_1_234' title='bbox 503 3301 589 3346; x_wconf 83' lang='lat'><strong><em>65.</em></strong></span> <span class='ocrx_word' id='word_1_235' title='bbox 655 3295 762 3345; x_wconf 89' lang='lat' dir='ltr'><strong><em>Sed</em></strong></span> <span class='ocrx_word' id='word_1_236' title='bbox 785 3298 1087 3360; x_wconf 81' lang='lat' dir='ltr'><strong><em>praepositio</em></strong></span> <span class='ocrx_word' id='word_1_237' title='bbox 1109 3300 1172 3347; x_wconf 82' lang='lat' dir='ltr'><strong><em>ad</em></strong></span> <span class='ocrx_word' id='word_1_238' title='bbox 1195 3300 1344 3348; x_wconf 87' lang='lat' dir='ltr'><strong><em>omit-</em></strong></span> 
     </span>
     <span class='ocr_line' id='line_1_39' title="bbox 271 3373 1346 3440; baseline 0.001 -17"><span class='ocrx_word' id='word_1_239' title='bbox 271 3373 398 3423; x_wconf 84' lang='lat' dir='ltr'><strong><em>titur</em></strong></span> <span class='ocrx_word' id='word_1_240' title='bbox 421 3376 477 3424; x_wconf 92' lang='lat' dir='ltr'><strong><em>in</em></strong></span> <span class='ocrx_word' id='word_1_241' title='bbox 514 3374 645 3423; x_wconf 84' lang='lat' dir='ltr'><strong><em>Lov.</em></strong></span> <span class='ocrx_word' id='word_1_242' title='bbox 669 3379 719 3423; x_wconf 81' lang='grc'><strong><em>4.</em></strong></span> <span class='ocrx_word' id='word_1_243' title='bbox 788 3374 1022 3424; x_wconf 78' lang='lat' dir='ltr'><strong><em>Tandem</em></strong></span> <span class='ocrx_word' id='word_1_244' title='bbox 1060 3376 1207 3436; x_wconf 73' lang='lat' dir='ltr'><strong><em>redit,</em></strong></span> <span class='ocrx_word' id='word_1_245' title='bbox 1250 3373 1346 3440; x_wconf 84' lang='lat' dir='ltr'><strong><em>pro</em></strong></span> 
     </span>
     <span class='ocr_line' id='line_1_40' title="bbox 266 3447 1348 3514; baseline 0.001 -15"><span class='ocrx_word' id='word_1_246' title='bbox 266 3447 434 3514; x_wconf 75' lang='lat' dir='ltr'><strong><em>rediit,</em></strong></span> <span class='ocrx_word' id='word_1_247' title='bbox 460 3450 600 3499; x_wconf 83' lang='lat' dir='ltr'><strong><em>Flor.</em></strong></span> <span class='ocrx_word' id='word_1_248' title='bbox 627 3449 780 3501; x_wconf 83' lang='lat' dir='ltr'><strong><em>Voss.</em></strong></span> <span class='ocrx_word' id='word_1_249' title='bbox 807 3451 979 3513; x_wconf 79' lang='lat' dir='ltr'><strong><em>ambo,</em></strong></span> <span class='ocrx_word' id='word_1_250' title='bbox 1004 3452 1156 3509; x_wconf 84' lang='lat' dir='ltr'><strong><em>Leid.</em></strong></span> <span class='ocrx_word' id='word_1_251' title='bbox 1178 3451 1348 3513; x_wconf 77' lang='lat' dir='ltr'><strong><em>ambo,</em></strong></span> 
     </span>
     <span class='ocr_line' id='line_1_41' title="bbox 273 3526 1347 3591; baseline 0.002 -17"><span class='ocrx_word' id='word_1_252' title='bbox 273 3526 400 3575; x_wconf 86' lang='lat' dir='ltr'><strong><em>Lov.</em></strong></span> <span class='ocrx_word' id='word_1_253' title='bbox 423 3526 672 3591; x_wconf 85' lang='lat' dir='ltr'><strong><em>quinque,</em></strong></span> <span class='ocrx_word' id='word_1_254' title='bbox 698 3527 847 3576; x_wconf 82' lang='lat' dir='ltr'><strong><em>Harl.</em></strong></span> <span class='ocrx_word' id='word_1_255' title='bbox 875 3531 921 3576; x_wconf 90' lang='lat' dir='ltr'><strong><em>l.</em></strong></span> <span class='ocrx_word' id='word_1_256' title='bbox 948 3528 1099 3578; x_wconf 81' lang='lat' dir='ltr'><strong><em>Port.</em></strong></span> <span class='ocrx_word' id='word_1_257' title='bbox 1125 3528 1347 3578; x_wconf 77' lang='lat' dir='ltr'><strong><em>Gnertn.</em></strong></span> 
     </span>
     <span class='ocr_line' id='line_1_42' title="bbox 273 3600 1349 3668; baseline 0.001 -17"><span class='ocrx_word' id='word_1_258' title='bbox 273 3601 411 3651; x_wconf 73' lang='lat' dir='ltr'><strong><em>Hav.</em></strong></span> <span class='ocrx_word' id='word_1_259' title='bbox 448 3610 506 3651; x_wconf 82' lang='lat' dir='ltr'><strong><em>et</em></strong></span> <span class='ocrx_word' id='word_1_260' title='bbox 540 3600 730 3666; x_wconf 83' lang='lat' dir='ltr'><strong><em>fragm.</em></strong></span> <span class='ocrx_word' id='word_1_261' title='bbox 765 3601 903 3652; x_wconf 81' lang='lat' dir='ltr'><strong><em>Hav.</em></strong></span> <span class='ocrx_word' id='word_1_262' title='bbox 969 3604 1124 3668; x_wconf 77' lang='lat' dir='ltr'><strong><em>Saepe</em></strong></span> <span class='ocrx_word' id='word_1_263' title='bbox 1161 3606 1236 3654; x_wconf 77' lang='lat' dir='ltr'><strong><em>ita</em></strong></span> <span class='ocrx_word' id='word_1_264' title='bbox 1260 3618 1349 3653; x_wconf 77' lang='lat' dir='ltr'><strong><em>va·</em></strong></span> 
     </span>
     <span class='ocr_line' id='line_1_43' title="bbox 268 3676 1350 3745; baseline 0.003 -20"><span class='ocrx_word' id='word_1_265' title='bbox 268 3678 410 3745; x_wconf 53' lang='lat' dir='ltr'><strong><em>piare</em></strong></span> <span class='ocrx_word' id='word_1_266' title='bbox 432 3676 591 3728; x_wconf 89' lang='lat' dir='ltr'><strong><em>codd.</em></strong></span> <span class='ocrx_word' id='word_1_267' title='bbox 616 3676 786 3726; x_wconf 78' lang='lat' dir='ltr'><strong><em>dicam</em></strong></span> <span class='ocrx_word' id='word_1_268' title='bbox 811 3678 876 3727; x_wconf 85' lang='lat' dir='ltr'><strong><em>ad</em></strong></span> <span class='ocrx_word' id='word_1_269' title='bbox 906 3691 1105 3728; x_wconf 75' lang='lat' dir='ltr'><strong><em>xxxvi.</em></strong></span> <span class='ocrx_word' id='word_1_270' title='bbox 1138 3683 1217 3728; x_wconf 89' lang='grc'><strong><em>35.</em></strong></span> <span class='ocrx_word' id='word_1_271' title='bbox 1249 3682 1278 3744; x_wconf 56' lang='grc' dir='ltr'><strong>ξ</strong></span> <span class='ocrx_word' id='word_1_272' title='bbox 1300 3682 1350 3727; x_wconf 89' lang='grc'><strong><em>2.</em></strong></span> 
     </span>
     <span class='ocr_line' id='line_1_44' title="bbox 273 3752 1348 3816; baseline 0.001 -14"><span class='ocrx_word' id='word_1_273' title='bbox 273 3752 378 3803; x_wconf 82' lang='lat' dir='ltr'><strong><em>Hic</em></strong></span> <span class='ocrx_word' id='word_1_274' title='bbox 424 3752 584 3803; x_wconf 89' lang='lat' dir='ltr'><strong><em>codd.</em></strong></span> <span class='ocrx_word' id='word_1_275' title='bbox 630 3753 991 3816; x_wconf 68' lang='lat' dir='ltr'><strong><em>praeeuntibus</em></strong></span> <span class='ocrx_word' id='word_1_276' title='bbox 1044 3754 1348 3804; x_wconf 78' lang='lat' dir='ltr'><strong><em>auscultavi.</em></strong></span> 
     </span>
     <span class='ocr_line' id='line_1_45' title="bbox 276 3827 1354 3878; baseline 0.003 -3"><span class='ocrx_word' id='word_1_277' title='bbox 276 3827 442 3877; x_wconf 83' lang='lat' dir='ltr'><strong><em>Primi</em></strong></span> <span class='ocrx_word' id='word_1_278' title='bbox 479 3827 713 3877; x_wconf 78' lang='lat' dir='ltr'><strong><em>editores</em></strong></span> <span class='ocrx_word' id='word_1_279' title='bbox 749 3836 805 3877; x_wconf 90' lang='lat' dir='ltr'><strong><em>et</em></strong></span> <span class='ocrx_word' id='word_1_280' title='bbox 838 3829 1079 3878; x_wconf 81' lang='lat' dir='ltr'><strong><em>librarius</em></strong></span> <span class='ocrx_word' id='word_1_281' title='bbox 1117 3829 1267 3878; x_wconf 84' lang='lat' dir='ltr'><strong><em>Harl.</em></strong></span> <span class='ocrx_word' id='word_1_282' title='bbox 1303 3833 1354 3878; x_wconf 87' lang='grc'><strong><em>2.</em></strong></span> 
     </span>
     <span class='ocr_line' id='line_1_46' title="bbox 274 3905 1355 3969; baseline 0.001 -16"><span class='ocrx_word' id='word_1_283' title='bbox 274 3905 362 3969; x_wconf 86' lang='lat' dir='ltr'><strong><em>qui</em></strong></span> <span class='ocrx_word' id='word_1_284' title='bbox 398 3905 543 3953; x_wconf 84' lang='lat' dir='ltr'><strong><em>solus</em></strong></span> <span class='ocrx_word' id='word_1_285' title='bbox 577 3905 645 3954; x_wconf 78' lang='lat' dir='ltr'><strong><em>ab</em></strong></span> <span class='ocrx_word' id='word_1_286' title='bbox 682 3905 792 3953; x_wconf 82' lang='lat' dir='ltr'><strong><em>aliis</em></strong></span> <span class='ocrx_word' id='word_1_287' title='bbox 833 3907 1070 3955; x_wconf 83' lang='lat' dir='ltr'><strong><em>omnibus</em></strong></span> <span class='ocrx_word' id='word_1_288' title='bbox 1092 3905 1355 3960; x_wconf 81' lang='lat' dir='ltr'><strong><em>dissentit,</em></strong></span> 
     </span>
     <span class='ocr_line' id='line_1_47' title="bbox 270 3977 1355 4047; baseline 0.001 -18"><span class='ocrx_word' id='word_1_289' title='bbox 270 3983 424 4031; x_wconf 78' lang='lat' dir='ltr'><strong><em>&#39;rediit</em></strong></span> <span class='ocrx_word' id='word_1_290' title='bbox 446 3981 659 4031; x_wconf 83' lang='lat' dir='ltr'><strong><em>dedisse</em></strong></span> <span class='ocrx_word' id='word_1_291' title='bbox 683 3977 948 4045; x_wconf 74' lang='lat' dir='ltr'><strong><em>videntur,</em></strong></span> <span class='ocrx_word' id='word_1_292' title='bbox 973 3982 1091 4047; x_wconf 77' lang='lat' dir='ltr'><strong><em>qnia</em></strong></span> <span class='ocrx_word' id='word_1_293' title='bbox 1130 3995 1355 4045; x_wconf 79' lang='lat' dir='ltr'><strong><em>praeces-</em></strong></span> 
     </span>
     <span class='ocr_line' id='line_1_48' title="bbox 278 4056 1355 4123; baseline 0 -17"><span class='ocrx_word' id='word_1_294' title='bbox 278 4058 347 4107; x_wconf 87' lang='lat' dir='ltr'><strong><em>sit</em></strong></span> <span class='ocrx_word' id='word_1_295' title='bbox 382 4058 522 4120; x_wconf 76' lang='lat' dir='ltr'><strong><em>vicit,</em></strong></span> <span class='ocrx_word' id='word_1_296' title='bbox 560 4056 997 4123; x_wconf 74' lang='lat' dir='ltr'><strong><em>quemadmodum</em></strong></span> <span class='ocrx_word' id='word_1_297' title='bbox 1037 4067 1224 4106; x_wconf 74' lang='lat' dir='ltr'><strong><em>contra</em></strong></span> <span class='ocrx_word' id='word_1_298' title='bbox 1268 4057 1355 4106; x_wconf 83' lang='lat' dir='ltr'><strong><em>alii</em></strong></span> 
     </span>
     <span class='ocr_line' id='line_1_49' title="bbox 279 4134 1357 4197; baseline 0 -15"><span class='ocrx_word' id='word_1_299' title='bbox 279 4146 437 4197; x_wconf 67' lang='lat' dir='ltr'><strong><em>supra</em></strong></span> <span class='ocrx_word' id='word_1_300' title='bbox 472 4134 624 4183; x_wconf 76' lang='lat' dir='ltr'><strong><em>vincit</em></strong></span> <span class='ocrx_word' id='word_1_301' title='bbox 673 4134 1202 4197; x_wconf 82' lang='lat' dir='ltr'><strong><em>reposuerunt‚&#39;quod</em></strong></span> <span class='ocrx_word' id='word_1_302' title='bbox 1227 4134 1357 4182; x_wconf 80' lang='lat' dir='ltr'><strong><em>alte·</em></strong></span> 
     </span>
     <span class='ocr_line' id='line_1_50' title="bbox 280 4210 1357 4274; baseline -0.001 -14"><span class='ocrx_word' id='word_1_303' title='bbox 280 4225 389 4260; x_wconf 84' lang='lat' dir='ltr'><strong><em>rum</em></strong></span> <span class='ocrx_word' id='word_1_304' title='bbox 411 4213 482 4274; x_wconf 68' lang='grc' dir='ltr'><strong><em>τῷ</em></strong></span> <span class='ocrx_word' id='word_1_305' title='bbox 501 4214 631 4261; x_wconf 74' lang='lat' dir='ltr'><strong><em>redit</em></strong></span> <span class='ocrx_word' id='word_1_306' title='bbox 654 4212 934 4261; x_wconf 71' lang='lat' dir='ltr'><strong><em>convenire</em></strong></span> <span class='ocrx_word' id='word_1_307' title='bbox 954 4225 1057 4259; x_wconf 90' lang='lat' dir='ltr'><strong><em>non</em></strong></span> <span class='ocrx_word' id='word_1_308' title='bbox 1083 4226 1234 4273; x_wconf 85' lang='lat' dir='ltr'><strong><em>posse</em></strong></span> <span class='ocrx_word' id='word_1_309' title='bbox 1258 4210 1357 4259; x_wconf 82' lang='lat' dir='ltr'><strong><em>sibi</em></strong></span> 
     </span>
     <span class='ocr_line' id='line_1_51' title="bbox 284 4285 1358 4353; baseline -0.001 -15"><span class='ocrx_word' id='word_1_310' title='bbox 284 4289 677 4353; x_wconf 73' lang='lat' dir='ltr'><strong><em>persuaderent.</em></strong></span> <span class='ocrx_word' id='word_1_311' title='bbox 746 4285 850 4339; x_wconf 88' lang='lat' dir='ltr'><strong><em>Sed</em></strong></span> <span class='ocrx_word' id='word_1_312' title='bbox 881 4286 1003 4337; x_wconf 82' lang='lat' dir='ltr'><strong><em>vide</em></strong></span> <span class='ocrx_word' id='word_1_313' title='bbox 1026 4301 1143 4353; x_wconf 81' lang='lat' dir='ltr'><strong><em>qnae</em></strong></span> <span class='ocrx_word' id='word_1_314' title='bbox 1175 4295 1358 4339; x_wconf 77' lang='lat' dir='ltr'><strong><em>notan·</em></strong></span> 
     </span>
    </p>
   </div>
   <div class='ocr_carea' id='block_1_3' title="bbox 2301 390 2476 457">
    <p class='ocr_par' dir='ltr' id='par_1_6' title="bbox 2301 390 2476 457">
     <span class='ocr_line' id='line_1_52' title="bbox 2301 390 2476 457; baseline 0.006 -1"><span class='ocrx_word' id='word_1_315' title='bbox 2301 390 2476 457; x_wconf 79' lang='lat'>7675</span> 
     </span>
    </p>
   </div>
   <div class='ocr_carea' id='block_1_4' title="bbox 1399 544 2484 2143">
    <p class='ocr_par' dir='ltr' id='par_1_7' title="bbox 1411 544 2476 611">
     <span class='ocr_line' id='line_1_53' title="bbox 1411 544 2476 611; baseline 0.004 -15"><span class='ocrx_word' id='word_1_316' title='bbox 1411 552 1499 596; x_wconf 86' lang='lat' dir='ltr'><strong><em>tur</em></strong></span> <span class='ocrx_word' id='word_1_317' title='bbox 1519 544 1586 596; x_wconf 73' lang='lat' dir='ltr'><strong><em>sd</em></strong></span> <span class='ocrx_word' id='word_1_318' title='bbox 1614 560 1700 596; x_wconf 92' lang='grc' dir='ltr'><strong>ιιι.</strong></span> <span class='ocrx_word' id='word_1_319' title='bbox 1722 550 1807 596; x_wconf 90' lang='grc'><strong><em>46.</em></strong></span> <span class='ocrx_word' id='word_1_320' title='bbox 1832 549 1862 611; x_wconf 79' lang='lat'>§</span> <span class='ocrx_word' id='word_1_321' title='bbox 1884 551 1935 598; x_wconf 87' lang='grc'><strong><em>9.</em></strong></span> <span class='ocrx_word' id='word_1_322' title='bbox 2465 576 2476 585; x_wconf 86' lang='lat'><strong>·</strong></span> 
     </span>
    </p>

    <p class='ocr_par' dir='ltr' id='par_1_8' title="bbox 1407 624 2480 1376">
     <span class='ocr_line' id='line_1_54' title="bbox 1478 624 2478 690; baseline 0.005 -17"><span class='ocrx_word' id='word_1_323' title='bbox 1478 624 1562 687; x_wconf 79' lang='lat'><strong><em>§6</em></strong></span> <span class='ocrx_word' id='word_1_324' title='bbox 1596 624 1718 674; x_wconf 86' lang='lat' dir='ltr'><strong><em>Dies</em></strong></span> <span class='ocrx_word' id='word_1_325' title='bbox 1756 626 1887 675; x_wconf 73' lang='lat' dir='ltr'><strong><em>dieta</em></strong></span> <span class='ocrx_word' id='word_1_326' title='bbox 1928 631 2032 675; x_wconf 74' lang='lat' dir='ltr'><strong><em>erae</em></strong></span> <span class='ocrx_word' id='word_1_327' title='bbox 2078 625 2285 676; x_wconf 74' lang='lat' dir='ltr'><strong><em>tribunis</em></strong></span> <span class='ocrx_word' id='word_1_328' title='bbox 2330 629 2478 690; x_wconf 75' lang='lat' dir='ltr'><strong><em>plebis</em></strong></span> 
     </span>
     <span class='ocr_line' id='line_1_55' title="bbox 1410 700 2479 768; baseline 0.004 -18"><span class='ocrx_word' id='word_1_329' title='bbox 1410 700 1592 761; x_wconf 68' lang='lat' dir='ltr'><strong><em>biennii</em></strong></span> <span class='ocrx_word' id='word_1_330' title='bbox 1624 702 1885 766; x_wconf 82' lang='lat' dir='ltr'><strong><em>superioris</em></strong></span> <span class='ocrx_word' id='word_1_331' title='bbox 1905 702 1974 752; x_wconf 76' lang='lat' dir='ltr'><strong><em>A.</em></strong></span> <span class='ocrx_word' id='word_1_332' title='bbox 2007 703 2253 767; x_wconf 79' lang='lat' dir='ltr'><strong><em>Virginio]</em></strong></span> <span class='ocrx_word' id='word_1_333' title='bbox 2289 704 2479 768; x_wconf 73' lang='lat' dir='ltr'><strong><em>Dieque</em></strong></span> 
     </span>
     <span class='ocr_line' id='line_1_56' title="bbox 1408 778 2480 844; baseline 0.003 -17"><span class='ocrx_word' id='word_1_334' title='bbox 1408 778 1541 828; x_wconf 76' lang='lat' dir='ltr'><strong><em>dicta</em></strong></span> <span class='ocrx_word' id='word_1_335' title='bbox 1561 785 1666 829; x_wconf 70' lang='lat' dir='ltr'><strong><em>erat</em></strong></span> <span class='ocrx_word' id='word_1_336' title='bbox 1688 779 1905 828; x_wconf 70' lang='lat' dir='ltr'><strong><em>tribunus</em></strong></span> <span class='ocrx_word' id='word_1_337' title='bbox 1919 779 2071 844; x_wconf 81' lang='lat' dir='ltr'><strong><em>plebis</em></strong></span> <span class='ocrx_word' id='word_1_338' title='bbox 2091 780 2309 832; x_wconf 65' lang='lat' dir='ltr'><strong><em>Gneun.</em></strong></span> <span class='ocrx_word' id='word_1_339' title='bbox 2356 781 2480 831; x_wconf 85' lang='lat' dir='ltr'><strong><em>Dies</em></strong></span> 
     </span>
     <span class='ocr_line' id='line_1_57' title="bbox 1410 856 2479 919; baseline 0.003 -15"><span class='ocrx_word' id='word_1_340' title='bbox 1410 856 1540 905; x_wconf 77' lang='lat' dir='ltr'><strong><em>dicta</em></strong></span> <span class='ocrx_word' id='word_1_341' title='bbox 1559 860 1664 905; x_wconf 79' lang='lat' dir='ltr'><strong><em>erat</em></strong></span> <span class='ocrx_word' id='word_1_342' title='bbox 1686 856 1906 905; x_wconf 72' lang='lat' dir='ltr'><strong><em>tribunus</em></strong></span> <span class='ocrx_word' id='word_1_343' title='bbox 1927 856 2054 919; x_wconf 80' lang='lat' dir='ltr'><strong><em>plebi</em></strong></span> <span class='ocrx_word' id='word_1_344' title='bbox 2075 856 2220 907; x_wconf 81' lang='lat' dir='ltr'><strong><em>Leid.</em></strong></span> <span class='ocrx_word' id='word_1_345' title='bbox 2244 861 2290 907; x_wconf 88' lang='lat'><strong><em>1.</em></strong></span> <span class='ocrx_word' id='word_1_346' title='bbox 2323 858 2479 907; x_wconf 71' lang='lat' dir='ltr'><strong><em>tribu-</em></strong></span> 
     </span>
     <span class='ocr_line' id='line_1_58' title="bbox 1410 930 2480 994; baseline 0.004 -15"><span class='ocrx_word' id='word_1_347' title='bbox 1410 946 1499 991; x_wconf 67' lang='lat' dir='ltr'><strong><em>nus</em></strong></span> <span class='ocrx_word' id='word_1_348' title='bbox 1517 930 1666 994; x_wconf 78' lang='lat' dir='ltr'><strong><em>plebis</em></strong></span> <span class='ocrx_word' id='word_1_349' title='bbox 1687 930 1843 981; x_wconf 77' lang='lat' dir='ltr'><strong><em>habet</em></strong></span> <span class='ocrx_word' id='word_1_350' title='bbox 1864 932 2022 981; x_wconf 76' lang='lat' dir='ltr'><strong><em>etiam</em></strong></span> <span class='ocrx_word' id='word_1_351' title='bbox 2049 932 2178 980; x_wconf 79' lang='lat' dir='ltr'><strong><em>Lov.</em></strong></span> <span class='ocrx_word' id='word_1_352' title='bbox 2190 936 2237 982; x_wconf 93' lang='grc'><strong><em>3.</em></strong></span> <span class='ocrx_word' id='word_1_353' title='bbox 2272 932 2480 983; x_wconf 76' lang='lat' dir='ltr'><strong><em>tribunis</em></strong></span> 
     </span>
     <span class='ocr_line' id='line_1_59' title="bbox 1409 1005 2479 1073; baseline 0.006 -19"><span class='ocrx_word' id='word_1_354' title='bbox 1409 1006 1536 1071; x_wconf 78' lang='lat' dir='ltr'><strong><em>plebi</em></strong></span> <span class='ocrx_word' id='word_1_355' title='bbox 1583 1005 1728 1055; x_wconf 75' lang='lat' dir='ltr'><strong><em>Harl.</em></strong></span> <span class='ocrx_word' id='word_1_356' title='bbox 1753 1010 1801 1055; x_wconf 90' lang='lat'><strong><em>1.</em></strong></span> <span class='ocrx_word' id='word_1_357' title='bbox 1864 1005 1999 1056; x_wconf 88' lang='lat' dir='ltr'><strong><em>Vide</em></strong></span> <span class='ocrx_word' id='word_1_358' title='bbox 2039 1005 2108 1057; x_wconf 80' lang='lat' dir='ltr'><strong><em>ad</em></strong></span> <span class='ocrx_word' id='word_1_359' title='bbox 2149 1021 2216 1057; x_wconf 88' lang='grc' dir='ltr'><strong><em>ιι.</em></strong></span> <span class='ocrx_word' id='word_1_360' title='bbox 2250 1011 2333 1059; x_wconf 91' lang='grc'><strong><em>42.</em></strong></span> <span class='ocrx_word' id='word_1_361' title='bbox 2376 1010 2479 1073; x_wconf 53' lang='grc'><strong><em>96.</em></strong></span> 
     </span>
     <span class='ocr_line' id='line_1_60' title="bbox 1413 1081 2481 1152; baseline 0.005 -21"><span class='ocrx_word' id='word_1_362' title='bbox 1413 1081 1686 1131; x_wconf 77' lang='lat' dir='ltr'><strong><em>Praeterea</em></strong></span> <span class='ocrx_word' id='word_1_363' title='bbox 1701 1081 1851 1152; x_wconf 76' lang='lat' dir='ltr'><strong><em>Lucio</em></strong></span> <span class='ocrx_word' id='word_1_364' title='bbox 1868 1081 2086 1145; x_wconf 81' lang='lat' dir='ltr'><strong><em>Verginio</em></strong></span> <span class='ocrx_word' id='word_1_365' title='bbox 2100 1083 2319 1134; x_wconf 79' lang='lat' dir='ltr'><strong><em>Gaertn.</em></strong></span> <span class='ocrx_word' id='word_1_366' title='bbox 2359 1084 2481 1136; x_wconf 83' lang='lat' dir='ltr'><strong><em>Ver·</em></strong></span> 
     </span>
     <span class='ocr_line' id='line_1_61' title="bbox 1407 1143 2479 1220; baseline 0.004 -13"><span class='ocrx_word' id='word_1_367' title='bbox 1407 1158 1547 1220; x_wconf 78' lang='lat' dir='ltr'><strong><em>ginio</em></strong></span> <span class='ocrx_word' id='word_1_368' title='bbox 1569 1159 1725 1208; x_wconf 79' lang='lat' dir='ltr'><strong><em>etism</em></strong></span> <span class='ocrx_word' id='word_1_369' title='bbox 1750 1143 1889 1208; x_wconf 81' lang='lat' dir='ltr'><strong><em>Flor.</em></strong></span> <span class='ocrx_word' id='word_1_370' title='bbox 1927 1158 2075 1208; x_wconf 87' lang='lat' dir='ltr'><strong><em>Leid.</em></strong></span> <span class='ocrx_word' id='word_1_371' title='bbox 2098 1163 2147 1209; x_wconf 92' lang='grc'><strong><em>2.</em></strong></span> <span class='ocrx_word' id='word_1_372' title='bbox 2187 1168 2243 1210; x_wconf 85' lang='lat' dir='ltr'><strong><em>et</em></strong></span> <span class='ocrx_word' id='word_1_373' title='bbox 2283 1161 2408 1210; x_wconf 86' lang='lat' dir='ltr'><strong><em>Lov.</em></strong></span> <span class='ocrx_word' id='word_1_374' title='bbox 2431 1165 2479 1211; x_wconf 88' lang='lat'><strong><em>1.</em></strong></span> 
     </span>
     <span class='ocr_line' id='line_1_62' title="bbox 1412 1234 2482 1301; baseline 0.005 -17"><span class='ocrx_word' id='word_1_375' title='bbox 1412 1249 1476 1284; x_wconf 78' lang='lat' dir='ltr'><strong><em>ac</em></strong></span> <span class='ocrx_word' id='word_1_376' title='bbox 1496 1239 1546 1285; x_wconf 91' lang='grc'><strong><em>2.</em></strong></span> <span class='ocrx_word' id='word_1_377' title='bbox 1597 1234 1734 1285; x_wconf 89' lang='lat' dir='ltr'><strong><em>Vide</em></strong></span> <span class='ocrx_word' id='word_1_378' title='bbox 1756 1235 1821 1283; x_wconf 77' lang='lat' dir='ltr'><strong><em>nd</em></strong></span> <span class='ocrx_word' id='word_1_379' title='bbox 1845 1248 1909 1285; x_wconf 89' lang='grc' dir='ltr'><strong><em>ιι.</em></strong></span> <span class='ocrx_word' id='word_1_380' title='bbox 1937 1240 2014 1285; x_wconf 88' lang='grc'><strong><em>17.</em></strong></span> <span class='ocrx_word' id='word_1_381' title='bbox 2036 1238 2064 1301; x_wconf 79' lang='lat'>§</span> <span class='ocrx_word' id='word_1_382' title='bbox 2092 1241 2138 1288; x_wconf 88' lang='lat'><strong><em>1.</em></strong></span> <span class='ocrx_word' id='word_1_383' title='bbox 2184 1238 2313 1288; x_wconf 84' lang='lat' dir='ltr'><strong><em>Mox</em></strong></span> <span class='ocrx_word' id='word_1_384' title='bbox 2336 1239 2482 1288; x_wconf 89' lang='lat' dir='ltr'><strong><em>Pom·</em></strong></span> 
     </span>
     <span class='ocr_line' id='line_1_63' title="bbox 1408 1311 2187 1376; baseline 0.001 -16"><span class='ocrx_word' id='word_1_385' title='bbox 1408 1312 1545 1376; x_wconf 79' lang='lat' dir='ltr'><strong><em>pilio,</em></strong></span> <span class='ocrx_word' id='word_1_386' title='bbox 1569 1326 1662 1373; x_wconf 82' lang='lat' dir='ltr'><strong><em>pro</em></strong></span> <span class='ocrx_word' id='word_1_387' title='bbox 1689 1311 1966 1376; x_wconf 86' lang='lat' dir='ltr'><strong><em>Pomponio,</em></strong></span> <span class='ocrx_word' id='word_1_388' title='bbox 1991 1312 2116 1362; x_wconf 77' lang='lat' dir='ltr'><strong><em>Lov-</em></strong></span> <span class='ocrx_word' id='word_1_389' title='bbox 2139 1317 2187 1362; x_wconf 88' lang='grc'><strong><em>3.</em></strong></span> 
     </span>
    </p>

    <p class='ocr_par' dir='ltr' id='par_1_9' title="bbox 1399 1389 2484 2143">
     <span class='ocr_line' id='line_1_64' title="bbox 1479 1389 2482 1455; baseline 0.005 -17"><span class='ocrx_word' id='word_1_390' title='bbox 1479 1389 1581 1438; x_wconf 77' lang='lat' dir='ltr'><strong><em>Aul</em></strong></span> <span class='ocrx_word' id='word_1_391' title='bbox 1604 1389 1718 1437; x_wconf 78' lang='lat' dir='ltr'><strong><em>vitoe</em></strong></span> <span class='ocrx_word' id='word_1_392' title='bbox 1739 1389 1832 1438; x_wconf 83' lang='lat' dir='ltr'><strong><em>ullo</em></strong></span> <span class='ocrx_word' id='word_1_393' title='bbox 1853 1389 2051 1438; x_wconf 83' lang='lat' dir='ltr'><strong><em>erimine</em></strong></span> <span class='ocrx_word' id='word_1_394' title='bbox 2086 1390 2202 1453; x_wconf 88' lang='lat' dir='ltr'><strong><em>alio,</em></strong></span> <span class='ocrx_word' id='word_1_395' title='bbox 2237 1395 2322 1440; x_wconf 72' lang='lat' dir='ltr'><strong><em>aut</em></strong></span> <span class='ocrx_word' id='word_1_396' title='bbox 2350 1391 2482 1455; x_wconf 79' lang='lat' dir='ltr'><strong><em>gesti</em></strong></span> 
     </span>
     <span class='ocr_line' id='line_1_65' title="bbox 1410 1465 2481 1531; baseline 0.005 -18"><span class='ocrx_word' id='word_1_397' title='bbox 1410 1465 1728 1527; x_wconf 74' lang='lat' dir='ltr'><strong><em>magistratus</em></strong></span> <span class='ocrx_word' id='word_1_398' title='bbox 1775 1466 2024 1529; x_wconf 76' lang='lat' dir='ltr'><strong><em>quisquam</em></strong></span> <span class='ocrx_word' id='word_1_399' title='bbox 2075 1466 2332 1531; x_wconf 75' lang='lat' dir='ltr'><strong><em>arguebat]</em></strong></span> <span class='ocrx_word' id='word_1_400' title='bbox 2374 1470 2481 1519; x_wconf 69' lang='lat' dir='ltr'><strong><em>Aac</em></strong></span> 
     </span>
     <span class='ocr_line' id='line_1_66' title="bbox 1399 1541 2483 1604; baseline 0.004 -14"><span class='ocrx_word' id='word_1_401' title='bbox 1399 1541 1513 1601; x_wconf 73' lang='lat' dir='ltr'><strong><em>jare</em></strong></span> <span class='ocrx_word' id='word_1_402' title='bbox 1547 1544 1643 1590; x_wconf 78' lang='lat' dir='ltr'><strong><em>ullo</em></strong></span> <span class='ocrx_word' id='word_1_403' title='bbox 1671 1542 1869 1591; x_wconf 83' lang='lat' dir='ltr'><strong><em>erimine</em></strong></span> <span class='ocrx_word' id='word_1_404' title='bbox 1904 1543 2000 1591; x_wconf 89' lang='lat' dir='ltr'><strong><em>alio</em></strong></span> <span class='ocrx_word' id='word_1_405' title='bbox 2031 1542 2156 1593; x_wconf 71' lang='lat' dir='ltr'><strong><em>LoV.</em></strong></span> <span class='ocrx_word' id='word_1_406' title='bbox 2184 1547 2230 1592; x_wconf 92' lang='lat'><strong><em>1.</em></strong></span> <span class='ocrx_word' id='word_1_407' title='bbox 2264 1549 2350 1594; x_wconf 75' lang='lat' dir='ltr'><strong><em>aul</em></strong></span> <span class='ocrx_word' id='word_1_408' title='bbox 2365 1543 2483 1604; x_wconf 70' lang='lat' dir='ltr'><strong><em>jure</em></strong></span> 
     </span>
     <span class='ocr_line' id='line_1_67' title="bbox 1411 1617 2484 1684; baseline 0.002 -17"><span class='ocrx_word' id='word_1_409' title='bbox 1411 1619 1511 1667; x_wconf 73' lang='lat' dir='ltr'><strong><em>ullo</em></strong></span> <span class='ocrx_word' id='word_1_410' title='bbox 1532 1617 1784 1668; x_wconf 74' lang='lat' dir='ltr'><strong><em>erimineve</em></strong></span> <span class='ocrx_word' id='word_1_411' title='bbox 1804 1618 1899 1666; x_wconf 88' lang='lat' dir='ltr'><strong><em>alio</em></strong></span> <span class='ocrx_word' id='word_1_412' title='bbox 1923 1618 2070 1667; x_wconf 90' lang='lat' dir='ltr'><strong><em>Leid.</em></strong></span> <span class='ocrx_word' id='word_1_413' title='bbox 2084 1621 2132 1666; x_wconf 90' lang='grc'><strong><em>2.</em></strong></span> <span class='ocrx_word' id='word_1_414' title='bbox 2195 1620 2329 1670; x_wconf 81' lang='lat' dir='ltr'><strong><em>Tum</em></strong></span> <span class='ocrx_word' id='word_1_415' title='bbox 2352 1621 2484 1684; x_wconf 77' lang='lat' dir='ltr'><strong><em>quis·</em></strong></span> 
     </span>
     <span class='ocr_line' id='line_1_68' title="bbox 1414 1686 2479 1759; baseline 0 -15"><span class='ocrx_word' id='word_1_416' title='bbox 1414 1710 1504 1759; x_wconf 76' lang='lat' dir='ltr'><strong><em>que</em></strong></span> <span class='ocrx_word' id='word_1_417' title='bbox 1541 1694 1770 1756; x_wconf 74' lang='lat' dir='ltr'><strong><em>arguebat</em></strong></span> <span class='ocrx_word' id='word_1_418' title='bbox 1806 1693 1953 1744; x_wconf 85' lang='lat' dir='ltr'><strong><em>Leid.</em></strong></span> <span class='ocrx_word' id='word_1_419' title='bbox 1989 1697 2037 1742; x_wconf 92' lang='lat'><strong><em>1.</em></strong></span> <span class='ocrx_word' id='word_1_420' title='bbox 2078 1701 2132 1744; x_wconf 90' lang='lat' dir='ltr'><strong><em>et</em></strong></span> <span class='ocrx_word' id='word_1_421' title='bbox 2170 1695 2306 1745; x_wconf 76' lang='lat' dir='ltr'><strong><em>Hav.</em></strong></span> <span class='ocrx_word' id='word_1_422' title='bbox 2345 1686 2479 1746; x_wconf 66' lang='lat' dir='ltr'><strong><em>&#39;Sed</em></strong></span> 
     </span>
     <span class='ocr_line' id='line_1_69' title="bbox 1414 1771 2482 1836; baseline 0.002 -15"><span class='ocrx_word' id='word_1_423' title='bbox 1414 1786 1504 1836; x_wconf 72' lang='lat' dir='ltr'><strong><em>que</em></strong></span> <span class='ocrx_word' id='word_1_424' title='bbox 1528 1777 1582 1820; x_wconf 90' lang='lat' dir='ltr'><strong><em>et</em></strong></span> <span class='ocrx_word' id='word_1_425' title='bbox 1605 1786 1744 1832; x_wconf 75' lang='lat' dir='ltr'><strong><em>quam</em></strong></span> <span class='ocrx_word' id='word_1_426' title='bbox 1766 1786 1905 1835; x_wconf 83' lang='lat' dir='ltr'><strong><em>saepe</em></strong></span> <span class='ocrx_word' id='word_1_427' title='bbox 1930 1771 1982 1821; x_wconf 88' lang='lat' dir='ltr'><strong><em>in</em></strong></span> <span class='ocrx_word' id='word_1_428' title='bbox 2012 1772 2141 1822; x_wconf 85' lang='lat' dir='ltr'><strong><em>Mss.</em></strong></span> <span class='ocrx_word' id='word_1_429' title='bbox 2160 1781 2482 1824; x_wconf 63' lang='lat' dir='ltr'><strong><em>commutans</em></strong></span> 
     </span>
     <span class='ocr_line' id='line_1_70' title="bbox 1416 1838 2481 1914; baseline 0 -16"><span class='ocrx_word' id='word_1_430' title='bbox 1416 1856 1519 1898; x_wconf 83' lang='lat' dir='ltr'><strong><em>tur.</em></strong></span> <span class='ocrx_word' id='word_1_431' title='bbox 1585 1848 1721 1897; x_wconf 87' lang='lat' dir='ltr'><strong><em>Vide</em></strong></span> <span class='ocrx_word' id='word_1_432' title='bbox 1767 1848 1862 1896; x_wconf 84' lang='lat' dir='ltr'><strong><em>hoe</em></strong></span> <span class='ocrx_word' id='word_1_433' title='bbox 1907 1848 1996 1897; x_wconf 77' lang='lat' dir='ltr'><strong><em>lib.</em></strong></span> <span class='ocrx_word' id='word_1_434' title='bbox 2036 1848 2101 1898; x_wconf 74' lang='lat' dir='ltr'><strong><em>ed</em></strong></span> <span class='ocrx_word' id='word_1_435' title='bbox 2147 1863 2194 1898; x_wconf 92' lang='lat' dir='ltr'><strong><em>c.</em></strong></span> <span class='ocrx_word' id='word_1_436' title='bbox 2233 1853 2317 1899; x_wconf 88' lang='grc'><strong><em>22.</em></strong></span> <span class='ocrx_word' id='word_1_437' title='bbox 2359 1852 2388 1914; x_wconf 82' lang='lat'>§</span> <span class='ocrx_word' id='word_1_438' title='bbox 2432 1838 2481 1899; x_wconf 70' lang='lat'><strong><em>82</em></strong></span> 
     </span>
     <span class='ocr_line' id='line_1_71' title="bbox 1418 1925 2482 1989; baseline 0.002 -15"><span class='ocrx_word' id='word_1_439' title='bbox 1418 1925 1559 1974; x_wconf 87' lang='lat' dir='ltr'><strong><em>Hine</em></strong></span> <span class='ocrx_word' id='word_1_440' title='bbox 1593 1925 1749 1973; x_wconf 77' lang='lat' dir='ltr'><strong><em>etism</em></strong></span> <span class='ocrx_word' id='word_1_441' title='bbox 1787 1925 1972 1989; x_wconf 75' lang='lat' dir='ltr'><strong><em>passim</em></strong></span> <span class='ocrx_word' id='word_1_442' title='bbox 2011 1926 2218 1989; x_wconf 76' lang='lat' dir='ltr'><strong><em>Quisque</em></strong></span> <span class='ocrx_word' id='word_1_443' title='bbox 2251 1934 2308 1976; x_wconf 88' lang='lat' dir='ltr'><strong><em>et</em></strong></span> <span class='ocrx_word' id='word_1_444' title='bbox 2333 1927 2482 1983; x_wconf 59' lang='lat' dir='ltr'><strong><em>Quise</em></strong></span> 
     </span>
     <span class='ocr_line' id='line_1_72' title="bbox 1417 2001 2479 2065; baseline 0.005 -16"><span class='ocrx_word' id='word_1_445' title='bbox 1417 2016 1558 2065; x_wconf 79' lang='lat' dir='ltr'><strong><em>quam</em></strong></span> <span class='ocrx_word' id='word_1_446' title='bbox 1594 2001 1995 2051; x_wconf 71' lang='lat' dir='ltr'><strong><em>commiscentur</em></strong></span> <span class='ocrx_word' id='word_1_447' title='bbox 2034 2002 2131 2050; x_wconf 84' lang='lat' dir='ltr'><strong><em>hoc</em></strong></span> <span class='ocrx_word' id='word_1_448' title='bbox 2170 2002 2263 2052; x_wconf 89' lang='lat' dir='ltr'><strong><em>lib.</em></strong></span> <span class='ocrx_word' id='word_1_449' title='bbox 2310 2015 2356 2052; x_wconf 84' lang='lat' dir='ltr'><strong><em>c.</em></strong></span> <span class='ocrx_word' id='word_1_450' title='bbox 2383 2007 2479 2054; x_wconf 76' lang='grc'><strong><em>44.</em></strong></span> 
     </span>
     <span class='ocr_line' id='line_1_73' title="bbox 1415 2078 2482 2143; baseline 0.003 -16"><span class='ocrx_word' id='word_1_451' title='bbox 1415 2080 1444 2143; x_wconf 78' lang='lat'>§</span> <span class='ocrx_word' id='word_1_452' title='bbox 1487 2082 1534 2127; x_wconf 89' lang='lat' dir='ltr'><strong><em>l.</em></strong></span> <span class='ocrx_word' id='word_1_453' title='bbox 1585 2090 1659 2126; x_wconf 85' lang='grc' dir='ltr'><strong><em>νι.</em></strong></span> <span class='ocrx_word' id='word_1_454' title='bbox 1680 2080 1730 2125; x_wconf 92' lang='grc'><strong><em>4.</em></strong></span> <span class='ocrx_word' id='word_1_455' title='bbox 1771 2078 1871 2140; x_wconf 81' lang='lat'><strong><em>§6.</em></strong></span> <span class='ocrx_word' id='word_1_456' title='bbox 1914 2092 1961 2125; x_wconf 87' lang='lat' dir='ltr'><strong><em>c.</em></strong></span> <span class='ocrx_word' id='word_1_457' title='bbox 1982 2081 2063 2127; x_wconf 84' lang='grc'><strong><em>25.</em></strong></span> <span class='ocrx_word' id='word_1_458' title='bbox 2102 2079 2203 2141; x_wconf 72' lang='lat'><strong><em>§8.</em></strong></span> <span class='ocrx_word' id='word_1_459' title='bbox 2270 2078 2482 2130; x_wconf 82' lang='lat' dir='ltr'><strong><em>Deinde</em></strong></span> 
     </span>
    </p>
   </div>
   <div class='ocr_carea' id='block_1_5' title="bbox 1324 2152 2481 2219">
    <p class='ocr_par' dir='ltr' id='par_1_10' title="bbox 1324 2152 2481 2219">
     <span class='ocr_line' id='line_1_74' title="bbox 1324 2152 2481 2219; baseline 0.006 -20"><span class='ocrx_word' id='word_1_460' title='bbox 1324 2194 1329 2199; x_wconf 91' lang='lat'><strong><em>.</em></strong></span> <span class='ocrx_word' id='word_1_461' title='bbox 1417 2167 1572 2202; x_wconf 81' lang='lat' dir='ltr'><strong><em>voces</em></strong></span> <span class='ocrx_word' id='word_1_462' title='bbox 1604 2152 1700 2203; x_wconf 86' lang='lat' dir='ltr'><strong><em>alio</em></strong></span> <span class='ocrx_word' id='word_1_463' title='bbox 1731 2158 1819 2203; x_wconf 75' lang='lat' dir='ltr'><strong><em>aut</em></strong></span> <span class='ocrx_word' id='word_1_464' title='bbox 1847 2154 1978 2216; x_wconf 76' lang='lat' dir='ltr'><strong><em>gesti</em></strong></span> <span class='ocrx_word' id='word_1_465' title='bbox 2008 2169 2139 2217; x_wconf 85' lang='lat' dir='ltr'><strong><em>mag.</em></strong></span> <span class='ocrx_word' id='word_1_466' title='bbox 2172 2154 2328 2219; x_wconf 74' lang='lat' dir='ltr'><strong><em>quisq.</em></strong></span> <span class='ocrx_word' id='word_1_467' title='bbox 2370 2171 2481 2218; x_wconf 88' lang='lat' dir='ltr'><strong><em>arg.</em></strong></span> 
     </span>
    </p>
   </div>
   <div class='ocr_carea' id='block_1_6' title="bbox 1410 2228 2540 4349">
    <p class='ocr_par' dir='ltr' id='par_1_11' title="bbox 1415 2228 2484 2369">
     <span class='ocr_line' id='line_1_75' title="bbox 1416 2228 2484 2295; baseline 0.003 -18"><span class='ocrx_word' id='word_1_468' title='bbox 1416 2228 1643 2279; x_wconf 85' lang='lat' dir='ltr'><strong><em>desunt</em></strong></span> <span class='ocrx_word' id='word_1_469' title='bbox 1629 2244 1681 2278; x_wconf 84' lang='grc' dir='ltr'><strong><em>ιιι</em></strong></span> <span class='ocrx_word' id='word_1_470' title='bbox 1705 2229 1844 2278; x_wconf 78' lang='lat' dir='ltr'><strong><em>Hav.</em></strong></span> <span class='ocrx_word' id='word_1_471' title='bbox 1911 2230 2150 2295; x_wconf 84' lang='lat' dir='ltr'><strong><em>Denique</em></strong></span> <span class='ocrx_word' id='word_1_472' title='bbox 2181 2236 2267 2282; x_wconf 73' lang='lat' dir='ltr'><strong><em>aut</em></strong></span> <span class='ocrx_word' id='word_1_473' title='bbox 2295 2236 2484 2294; x_wconf 74' lang='lat' dir='ltr'><strong><em>gestra·</em></strong></span> 
     </span>
     <span class='ocr_line' id='line_1_76' title="bbox 1415 2305 2187 2369; baseline 0.001 -15"><span class='ocrx_word' id='word_1_474' title='bbox 1415 2311 1494 2355; x_wconf 72' lang='lat' dir='ltr'><strong><em>tus</em></strong></span> <span class='ocrx_word' id='word_1_475' title='bbox 1514 2306 1761 2369; x_wconf 73' lang='lat' dir='ltr'><strong><em>quisquam</em></strong></span> <span class='ocrx_word' id='word_1_476' title='bbox 1782 2305 1938 2355; x_wconf 78' lang='lat' dir='ltr'><strong><em>habet</em></strong></span> <span class='ocrx_word' id='word_1_477' title='bbox 1964 2305 2187 2356; x_wconf 78' lang='lat' dir='ltr'><strong><em>Gsertn.</em></strong></span> 
     </span>
    </p>

    <p class='ocr_par' dir='ltr' id='par_1_12' title="bbox 1410 2358 2482 2678">
     <span class='ocr_line' id='line_1_77' title="bbox 1482 2358 2481 2447; baseline 0.003 -17"><span class='ocrx_word' id='word_1_478' title='bbox 1482 2383 1511 2446; x_wconf 54' lang='grc' dir='ltr'>ᾧ</span> <span class='ocrx_word' id='word_1_479' title='bbox 1535 2385 1565 2430; x_wconf 99' lang='grc'><strong>7</strong></span> <span class='ocrx_word' id='word_1_480' title='bbox 1608 2381 1740 2431; x_wconf 74' lang='lat' dir='ltr'><strong><em>Vicit</em></strong></span> <span class='ocrx_word' id='word_1_481' title='bbox 1762 2386 1914 2431; x_wconf 79' lang='lat' dir='ltr'><strong><em>tamen</em></strong></span> <span class='ocrx_word' id='word_1_482' title='bbox 1933 2383 2145 2445; x_wconf 83' lang='lat' dir='ltr'><strong><em>gratiam</em></strong></span> <span class='ocrx_word' id='word_1_483' title='bbox 2166 2388 2354 2433; x_wconf 75' lang='lat' dir='ltr'><strong><em>senalus</em></strong></span> <span class='ocrx_word' id='word_1_484' title='bbox 2378 2358 2481 2447; x_wconf 81' lang='lat' dir='ltr'><strong><em>ple</em></strong></span> 
     </span>
     <span class='ocr_line' id='line_1_78' title="bbox 1417 2456 2483 2523; baseline 0.001 -15"><span class='ocrx_word' id='word_1_485' title='bbox 1417 2458 1534 2509; x_wconf 83' lang='lat' dir='ltr'><strong><em>bis</em></strong></span> <span class='ocrx_word' id='word_1_486' title='bbox 1514 2473 1620 2509; x_wconf 74' lang='lat' dir='ltr'><strong><em>ira:</em></strong></span> <span class='ocrx_word' id='word_1_487' title='bbox 1655 2465 1703 2508; x_wconf 77' lang='lat' dir='ltr'><strong><em>et</em></strong></span> <span class='ocrx_word' id='word_1_488' title='bbox 1732 2460 1936 2523; x_wconf 79' lang='lat' dir='ltr'><strong><em>pessimo</em></strong></span> <span class='ocrx_word' id='word_1_489' title='bbox 1955 2456 2189 2523; x_wconf 72' lang='lat' dir='ltr'><strong><em>exemplo]</em></strong></span> <span class='ocrx_word' id='word_1_490' title='bbox 2230 2458 2362 2509; x_wconf 80' lang='lat' dir='ltr'><strong><em>Vicit</em></strong></span> <span class='ocrx_word' id='word_1_491' title='bbox 2380 2474 2483 2511; x_wconf 84' lang='lat' dir='ltr'><strong><em>sen.</em></strong></span> 
     </span>
     <span class='ocr_line' id='line_1_79' title="bbox 1410 2534 2482 2604; baseline 0.003 -20"><span class='ocrx_word' id='word_1_492' title='bbox 1410 2534 1603 2604; x_wconf 79' lang='lat' dir='ltr'><strong><em>plebis</em></strong></span> <span class='ocrx_word' id='word_1_493' title='bbox 1583 2549 1660 2583; x_wconf 75' lang='lat' dir='ltr'><strong><em>ira</em></strong></span> <span class='ocrx_word' id='word_1_494' title='bbox 1684 2535 1900 2597; x_wconf 78' lang='lat' dir='ltr'><strong><em>gratiam</em></strong></span> <span class='ocrx_word' id='word_1_495' title='bbox 1921 2538 2080 2585; x_wconf 80' lang='lat' dir='ltr'><strong><em>tamen</em></strong></span> <span class='ocrx_word' id='word_1_496' title='bbox 2098 2536 2301 2599; x_wconf 83' lang='lat' dir='ltr'><strong><em>pessimo</em></strong></span> <span class='ocrx_word' id='word_1_497' title='bbox 2322 2550 2482 2587; x_wconf 73' lang='lat' dir='ltr'><strong><em>exem·</em></strong></span> 
     </span>
     <span class='ocr_line' id='line_1_80' title="bbox 1410 2613 1735 2678; baseline 0.006 -18"><span class='ocrx_word' id='word_1_498' title='bbox 1410 2615 1492 2678; x_wconf 79' lang='lat' dir='ltr'><strong><em>plo</em></strong></span> <span class='ocrx_word' id='word_1_499' title='bbox 1517 2613 1735 2662; x_wconf 77' lang='lat' dir='ltr'><strong><em>Gaertn.</em></strong></span> 
     </span>
    </p>

    <p class='ocr_par' dir='ltr' id='par_1_13' title="bbox 1417 2688 2540 4120">
     <span class='ocr_line' id='line_1_81' title="bbox 1485 2688 2484 2755; baseline 0.002 -17"><span class='ocrx_word' id='word_1_500' title='bbox 1485 2691 1513 2753; x_wconf 83' lang='lat'>§</span> <span class='ocrx_word' id='word_1_501' title='bbox 1536 2693 1568 2738; x_wconf 83' lang='lat'><em>8</em></span> <span class='ocrx_word' id='word_1_502' title='bbox 1604 2689 1717 2738; x_wconf 91' lang='lat' dir='ltr'><strong><em>Non</em></strong></span> <span class='ocrx_word' id='word_1_503' title='bbox 1738 2689 2110 2753; x_wconf 78' lang='lat' dir='ltr'><strong><em>inlelligerei,se</em></strong></span> <span class='ocrx_word' id='word_1_504' title='bbox 2127 2705 2275 2755; x_wconf 81' lang='lat' dir='ltr'><strong><em>pravo</em></strong></span> <span class='ocrx_word' id='word_1_505' title='bbox 2295 2688 2484 2752; x_wconf 73' lang='lat' dir='ltr'><strong><em>judicio</em></strong></span> 
     </span>
     <span class='ocr_line' id='line_1_82' title="bbox 1417 2764 2486 2829; baseline 0.001 -14"><span class='ocrx_word' id='word_1_506' title='bbox 1417 2766 1476 2815; x_wconf 80' lang='lat' dir='ltr'><strong><em>de</em></strong></span> <span class='ocrx_word' id='word_1_507' title='bbox 1531 2764 1734 2815; x_wconf 78' lang='lat' dir='ltr'><strong><em>tribunis</em></strong></span> <span class='ocrx_word' id='word_1_508' title='bbox 1783 2766 2164 2817; x_wconf 72' lang='lat' dir='ltr'><strong><em>intercessionem</em></strong></span> <span class='ocrx_word' id='word_1_509' title='bbox 2215 2765 2486 2829; x_wconf 74' lang='lat' dir='ltr'><strong><em>sustulisse]</em></strong></span> 
     </span>
     <span class='ocr_line' id='line_1_83' title="bbox 1421 2842 2485 2907; baseline 0.001 -16"><span class='ocrx_word' id='word_1_510' title='bbox 1421 2843 1537 2891; x_wconf 84' lang='lat' dir='ltr'><strong><em>Non</em></strong></span> <span class='ocrx_word' id='word_1_511' title='bbox 1557 2842 1855 2904; x_wconf 74' lang='lat' dir='ltr'><strong><em>intellegeret</em></strong></span> <span class='ocrx_word' id='word_1_512' title='bbox 1879 2843 2014 2893; x_wconf 84' lang='lat' dir='ltr'><strong><em>Flor.</em></strong></span> <span class='ocrx_word' id='word_1_513' title='bbox 2033 2852 2088 2893; x_wconf 84' lang='lat' dir='ltr'><strong><em>et</em></strong></span> <span class='ocrx_word' id='word_1_514' title='bbox 2113 2842 2261 2893; x_wconf 89' lang='lat' dir='ltr'><strong><em>Leid.</em></strong></span> <span class='ocrx_word' id='word_1_515' title='bbox 2286 2847 2332 2892; x_wconf 85' lang='lat'><strong><em>1.</em></strong></span> <span class='ocrx_word' id='word_1_516' title='bbox 2358 2855 2485 2907; x_wconf 87' lang='lat' dir='ltr'><strong><em>quo·</em></strong></span> 
     </span>
     <span class='ocr_line' id='line_1_84' title="bbox 1420 2916 2489 2982; baseline 0 -15"><span class='ocrx_word' id='word_1_517' title='bbox 1420 2917 1575 2967; x_wconf 87' lang='lat' dir='ltr'><strong><em>modo</em></strong></span> <span class='ocrx_word' id='word_1_518' title='bbox 1608 2919 1797 2982; x_wconf 82' lang='lat' dir='ltr'><strong><em>passim</em></strong></span> <span class='ocrx_word' id='word_1_519' title='bbox 1821 2920 1870 2967; x_wconf 93' lang='lat' dir='ltr'><strong><em>in</em></strong></span> <span class='ocrx_word' id='word_1_520' title='bbox 1892 2919 2136 2968; x_wconf 83' lang='lat' dir='ltr'><strong><em>Terentio</em></strong></span> <span class='ocrx_word' id='word_1_521' title='bbox 2157 2926 2213 2967; x_wconf 90' lang='lat' dir='ltr'><strong><em>et</em></strong></span> <span class='ocrx_word' id='word_1_522' title='bbox 2238 2916 2489 2967; x_wconf 72' lang='lat' dir='ltr'><strong><em>Sallustio</em></strong></span> 
     </span>
     <span class='ocr_line' id='line_1_85' title="bbox 1422 2994 2486 3045; baseline -0.002 -1"><span class='ocrx_word' id='word_1_523' title='bbox 1422 2996 1521 3045; x_wconf 82' lang='lat' dir='ltr'><strong><em>viri</em></strong></span> <span class='ocrx_word' id='word_1_524' title='bbox 1547 2995 1687 3044; x_wconf 87' lang='lat' dir='ltr'><strong><em>docti</em></strong></span> <span class='ocrx_word' id='word_1_525' title='bbox 1706 2996 1998 3044; x_wconf 80' lang='lat' dir='ltr'><strong><em>ediderunt.</em></strong></span> <span class='ocrx_word' id='word_1_526' title='bbox 2062 2996 2149 3045; x_wconf 87' lang='lat' dir='ltr'><strong><em>De</em></strong></span> <span class='ocrx_word' id='word_1_527' title='bbox 2167 2996 2266 3044; x_wconf 79' lang='lat' dir='ltr'><strong><em>liae</em></strong></span> <span class='ocrx_word' id='word_1_528' title='bbox 2285 2994 2486 3043; x_wconf 76' lang='lat' dir='ltr'><strong><em>ratione</em></strong></span> 
     </span>
     <span class='ocr_line' id='line_1_86' title="bbox 1423 3068 2485 3135; baseline -0.003 -15"><span class='ocrx_word' id='word_1_529' title='bbox 1423 3070 1682 3129; x_wconf 85' lang='lat' dir='ltr'><strong><em>scribendi</em></strong></span> <span class='ocrx_word' id='word_1_530' title='bbox 1728 3068 1847 3119; x_wconf 88' lang='lat' dir='ltr'><strong><em>vide</em></strong></span> <span class='ocrx_word' id='word_1_531' title='bbox 1902 3071 2200 3135; x_wconf 72' lang='lat' dir='ltr'><strong><em>Dausqnei.=</em></strong></span> <span class='ocrx_word' id='word_1_532' title='bbox 2238 3070 2485 3132; x_wconf 77' lang='lat' dir='ltr'><strong><em>Orthogr.</em></strong></span> 
     </span>
     <span class='ocr_line' id='line_1_87' title="bbox 1424 3143 2487 3209; baseline -0.003 -14"><span class='ocrx_word' id='word_1_533' title='bbox 1424 3153 1560 3209; x_wconf 79' lang='lat' dir='ltr'><strong><em>part.</em></strong></span> <span class='ocrx_word' id='word_1_534' title='bbox 1584 3159 1648 3193; x_wconf 88' lang='grc' dir='ltr'><strong><em>ιι.</em></strong></span> <span class='ocrx_word' id='word_1_535' title='bbox 1667 3143 1764 3194; x_wconf 79' lang='lat' dir='ltr'><strong><em>bac</em></strong></span> <span class='ocrx_word' id='word_1_536' title='bbox 1788 3161 1902 3195; x_wconf 87' lang='lat' dir='ltr'><strong><em>voc.</em></strong></span> <span class='ocrx_word' id='word_1_537' title='bbox 1935 3155 1991 3196; x_wconf 91' lang='lat' dir='ltr'><strong><em>et</em></strong></span> <span class='ocrx_word' id='word_1_538' title='bbox 2017 3146 2249 3207; x_wconf 82' lang='lat' dir='ltr'><strong><em>Cortium</em></strong></span> <span class='ocrx_word' id='word_1_539' title='bbox 2275 3143 2340 3194; x_wconf 78' lang='lat' dir='ltr'><strong><em>ad</em></strong></span> <span class='ocrx_word' id='word_1_540' title='bbox 2358 3145 2487 3195; x_wconf 77' lang='lat' dir='ltr'><strong><em>San.</em></strong></span> 
     </span>
     <span class='ocr_line' id='line_1_88' title="bbox 1420 3222 2486 3286; baseline -0.004 -13"><span class='ocrx_word' id='word_1_541' title='bbox 1420 3222 1546 3286; x_wconf 80' lang='lat' dir='ltr'><strong><em>Jng.</em></strong></span> <span class='ocrx_word' id='word_1_542' title='bbox 1579 3236 1630 3270; x_wconf 91' lang='lat' dir='ltr'><strong><em>c.</em></strong></span> <span class='ocrx_word' id='word_1_543' title='bbox 1661 3226 1710 3270; x_wconf 84' lang='lat'><strong><em>9.</em></strong></span> <span class='ocrx_word' id='word_1_544' title='bbox 1740 3236 1788 3271; x_wconf 81' lang='lat' dir='ltr'><strong><em>c.</em></strong></span> <span class='ocrx_word' id='word_1_545' title='bbox 1819 3225 1902 3272; x_wconf 88' lang='grc'><strong><em>21.</em></strong></span> <span class='ocrx_word' id='word_1_546' title='bbox 1937 3230 1993 3272; x_wconf 91' lang='lat' dir='ltr'><strong><em>et</em></strong></span> <span class='ocrx_word' id='word_1_547' title='bbox 2031 3223 2170 3272; x_wconf 79' lang='lat' dir='ltr'><strong><em>alibi.</em></strong></span> <span class='ocrx_word' id='word_1_548' title='bbox 2234 3222 2486 3271; x_wconf 73' lang='lat' dir='ltr'><strong><em>Similiter</em></strong></span> 
     </span>
     <span class='ocr_line' id='line_1_89' title="bbox 1421 3297 2492 3361; baseline 0 -15"><span class='ocrx_word' id='word_1_549' title='bbox 1421 3298 1750 3346; x_wconf 83' lang='lat' dir='ltr'><strong><em>scribebatur</em></strong></span> <span class='ocrx_word' id='word_1_550' title='bbox 1770 3299 1985 3361; x_wconf 77' lang='lat' dir='ltr'><strong><em>neglego,</em></strong></span> <span class='ocrx_word' id='word_1_551' title='bbox 2009 3313 2102 3361; x_wconf 85' lang='lat' dir='ltr'><strong><em>pro</em></strong></span> <span class='ocrx_word' id='word_1_552' title='bbox 2131 3297 2341 3360; x_wconf 79' lang='lat' dir='ltr'><strong><em>negligo.</em></strong></span> <span class='ocrx_word' id='word_1_553' title='bbox 2394 3297 2492 3346; x_wconf 90' lang='lat' dir='ltr'><strong><em>Vi·</em></strong></span> 
     </span>
     <span class='ocr_line' id='line_1_90' title="bbox 1423 3371 2487 3438; baseline -0.001 -17"><span class='ocrx_word' id='word_1_554' title='bbox 1423 3372 1491 3421; x_wconf 89' lang='lat' dir='ltr'><strong><em>de</em></strong></span> <span class='ocrx_word' id='word_1_555' title='bbox 1516 3372 1578 3420; x_wconf 79' lang='lat' dir='ltr'><strong><em>ad</em></strong></span> <span class='ocrx_word' id='word_1_556' title='bbox 1608 3372 1718 3420; x_wconf 84' lang='lat' dir='ltr'><strong><em>Liv.</em></strong></span> <span class='ocrx_word' id='word_1_557' title='bbox 1743 3386 1808 3421; x_wconf 85' lang='grc' dir='ltr'><strong><em>ιι.</em></strong></span> <span class='ocrx_word' id='word_1_558' title='bbox 1831 3377 1910 3422; x_wconf 85' lang='lat'><strong><em>11.</em></strong></span> <span class='ocrx_word' id='word_1_559' title='bbox 1931 3376 1959 3438; x_wconf 82' lang='lat'>§</span> <span class='ocrx_word' id='word_1_560' title='bbox 1982 3377 2032 3422; x_wconf 87' lang='grc'><strong><em>4.</em></strong></span> <span class='ocrx_word' id='word_1_561' title='bbox 2097 3371 2225 3423; x_wconf 86' lang='lat' dir='ltr'><strong><em>Tum</em></strong></span> <span class='ocrx_word' id='word_1_562' title='bbox 2248 3372 2487 3438; x_wconf 69' lang='lat' dir='ltr'><strong><em>parvoju-</em></strong></span> 
     </span>
     <span class='ocr_line' id='line_1_91' title="bbox 1424 3449 2540 3512; baseline 0.001 -15"><span class='ocrx_word' id='word_1_563' title='bbox 1424 3450 1549 3498; x_wconf 82' lang='lat' dir='ltr'><strong><em>dicio</em></strong></span> <span class='ocrx_word' id='word_1_564' title='bbox 1586 3449 1732 3498; x_wconf 84' lang='lat' dir='ltr'><strong><em>Leid.</em></strong></span> <span class='ocrx_word' id='word_1_565' title='bbox 1752 3453 1802 3498; x_wconf 85' lang='lat'><strong><em>2.</em></strong></span> <span class='ocrx_word' id='word_1_566' title='bbox 1835 3456 1891 3498; x_wconf 90' lang='lat' dir='ltr'><strong><em>et</em></strong></span> <span class='ocrx_word' id='word_1_567' title='bbox 1930 3450 2152 3499; x_wconf 74' lang='lat' dir='ltr'><strong><em>Gaerin.</em></strong></span> <span class='ocrx_word' id='word_1_568' title='bbox 2220 3449 2305 3499; x_wconf 73' lang='lat' dir='ltr'><strong><em>Ita</em></strong></span> <span class='ocrx_word' id='word_1_569' title='bbox 2343 3457 2485 3512; x_wconf 78' lang='lat' dir='ltr'><strong><em>soepe</em></strong></span> <span class='ocrx_word' id='word_1_570' title='bbox 2531 3461 2540 3470; x_wconf 84' lang='lat'><em>‘</em></span> 
     </span>
     <span class='ocr_line' id='line_1_92' title="bbox 1424 3524 2512 3588; baseline -0.003 -16"><span class='ocrx_word' id='word_1_571' title='bbox 1424 3526 1558 3588; x_wconf 84' lang='lat' dir='ltr'><strong><em>lapsi</em></strong></span> <span class='ocrx_word' id='word_1_572' title='bbox 1602 3530 1723 3573; x_wconf 84' lang='lat' dir='ltr'><strong><em>sunt</em></strong></span> <span class='ocrx_word' id='word_1_573' title='bbox 1765 3525 1969 3575; x_wconf 82' lang='lat' dir='ltr'><strong><em>scribae.</em></strong></span> <span class='ocrx_word' id='word_1_574' title='bbox 2035 3525 2170 3572; x_wconf 86' lang='lat' dir='ltr'><strong><em>Vide</em></strong></span> <span class='ocrx_word' id='word_1_575' title='bbox 2210 3524 2275 3572; x_wconf 76' lang='lat' dir='ltr'><strong><em>ad</em></strong></span> <span class='ocrx_word' id='word_1_576' title='bbox 2321 3537 2485 3582; x_wconf 73' lang='lat' dir='ltr'><strong><em>xxlx,</em></strong></span> <span class='ocrx_word' id='word_1_577' title='bbox 2507 3564 2512 3569; x_wconf 91' lang='lat'><strong><em>.</em></strong></span> 
     </span>
     <span class='ocr_line' id='line_1_93' title="bbox 1424 3599 2481 3665; baseline -0.004 -15"><span class='ocrx_word' id='word_1_578' title='bbox 1424 3605 1507 3650; x_wconf 79' lang='grc'><strong><em>37.</em></strong></span> <span class='ocrx_word' id='word_1_579' title='bbox 1529 3604 1557 3665; x_wconf 79' lang='lat'>§</span> <span class='ocrx_word' id='word_1_580' title='bbox 1587 3604 1662 3649; x_wconf 92' lang='grc'><strong><em>16.</em></strong></span> <span class='ocrx_word' id='word_1_581' title='bbox 1698 3600 1835 3649; x_wconf 86' lang='lat' dir='ltr'><strong><em>Hinc</em></strong></span> <span class='ocrx_word' id='word_1_582' title='bbox 1854 3600 2187 3650; x_wconf 77' lang='lat' dir='ltr'><strong><em>intercessione</em></strong></span> <span class='ocrx_word' id='word_1_583' title='bbox 2204 3604 2326 3649; x_wconf 79' lang='lat' dir='ltr'><strong><em>susl-</em></strong></span> <span class='ocrx_word' id='word_1_584' title='bbox 2343 3599 2481 3649; x_wconf 70' lang='lat' dir='ltr'><strong><em>Har.</em></strong></span> 
     </span>
     <span class='ocr_line' id='line_1_94' title="bbox 1428 3673 2489 3738; baseline -0.004 -11"><span class='ocrx_word' id='word_1_585' title='bbox 1428 3677 1616 3727; x_wconf 82' lang='lat' dir='ltr'><strong><em>Paullo</em></strong></span> <span class='ocrx_word' id='word_1_586' title='bbox 1642 3683 1764 3725; x_wconf 78' lang='lat' dir='ltr'><strong><em>ante</em></strong></span> <span class='ocrx_word' id='word_1_587' title='bbox 1796 3678 1848 3724; x_wconf 88' lang='lat' dir='ltr'><strong><em>in</em></strong></span> <span class='ocrx_word' id='word_1_588' title='bbox 1882 3691 1962 3724; x_wconf 77' lang='lat' dir='ltr'><strong><em>suo</em></strong></span> <span class='ocrx_word' id='word_1_589' title='bbox 1995 3692 2147 3735; x_wconf 79' lang='lat' dir='ltr'><strong><em>versa,</em></strong></span> <span class='ocrx_word' id='word_1_590' title='bbox 2170 3673 2266 3738; x_wconf 79' lang='lat' dir='ltr'><strong><em>pro&#39;</em></strong></span> <span class='ocrx_word' id='word_1_591' title='bbox 2294 3675 2349 3723; x_wconf 89' lang='lat' dir='ltr'><strong><em>in</em></strong></span> <span class='ocrx_word' id='word_1_592' title='bbox 2379 3689 2489 3730; x_wconf 68' lang='lat' dir='ltr'><strong><em>suos</em></strong></span> 
     </span>
     <span class='ocr_line' id='line_1_95' title="bbox 1425 3751 2489 3802; baseline -0.005 0"><span class='ocrx_word' id='word_1_593' title='bbox 1425 3768 1549 3802; x_wconf 83' lang='lat' dir='ltr'><strong><em>vers.</em></strong></span> <span class='ocrx_word' id='word_1_594' title='bbox 1575 3751 1725 3800; x_wconf 82' lang='lat' dir='ltr'><strong><em>Harl.</em></strong></span> <span class='ocrx_word' id='word_1_595' title='bbox 1751 3757 1799 3801; x_wconf 90' lang='grc'><strong><em>2.</em></strong></span> <span class='ocrx_word' id='word_1_596' title='bbox 1866 3752 2026 3800; x_wconf 81' lang='lat' dir='ltr'><strong><em>Male.</em></strong></span> <span class='ocrx_word' id='word_1_597' title='bbox 2100 3751 2157 3799; x_wconf 78' lang='lat' dir='ltr'><strong><em>ln</em></strong></span> <span class='ocrx_word' id='word_1_598' title='bbox 2187 3764 2293 3799; x_wconf 80' lang='lat' dir='ltr'><strong><em>suos</em></strong></span> <span class='ocrx_word' id='word_1_599' title='bbox 2327 3751 2489 3800; x_wconf 82' lang='lat' dir='ltr'><strong><em>estin</em></strong></span> 
     </span>
     <span class='ocr_line' id='line_1_96' title="bbox 1427 3826 2489 3890; baseline -0.003 -12"><span class='ocrx_word' id='word_1_600' title='bbox 1427 3830 1662 3878; x_wconf 86' lang='lat' dir='ltr'><strong><em>homines</em></strong></span> <span class='ocrx_word' id='word_1_601' title='bbox 1682 3829 1760 3877; x_wconf 87' lang='lat' dir='ltr'><strong><em>sui</em></strong></span> <span class='ocrx_word' id='word_1_602' title='bbox 1783 3828 1996 3885; x_wconf 84' lang='lat' dir='ltr'><strong><em>ordinis,</em></strong></span> <span class='ocrx_word' id='word_1_603' title='bbox 2017 3828 2073 3876; x_wconf 87' lang='lat' dir='ltr'><strong><em>in</em></strong></span> <span class='ocrx_word' id='word_1_604' title='bbox 2100 3827 2347 3890; x_wconf 85' lang='lat' dir='ltr'><strong><em>plebeios.</em></strong></span> <span class='ocrx_word' id='word_1_605' title='bbox 2392 3826 2489 3876; x_wconf 84' lang='lat' dir='ltr'><strong><em>Su.-</em></strong></span> 
     </span>
     <span class='ocr_line' id='line_1_97' title="bbox 1431 3901 2487 3968; baseline 0.001 -16"><span class='ocrx_word' id='word_1_606' title='bbox 1431 3920 1522 3968; x_wconf 76' lang='lat' dir='ltr'><strong><em>prn</em></strong></span> <span class='ocrx_word' id='word_1_607' title='bbox 1546 3918 1624 3953; x_wconf 81' lang='grc' dir='ltr'><strong><em>ιν.</em></strong></span> <span class='ocrx_word' id='word_1_608' title='bbox 1647 3908 1696 3953; x_wconf 89' lang='grc'><strong><em>9.</em></strong></span> <span class='ocrx_word' id='word_1_609' title='bbox 1729 3906 2004 3960; x_wconf 77' lang='lat' dir='ltr'><strong><em>⁴,Tutores</em></strong></span> <span class='ocrx_word' id='word_1_610' title='bbox 2039 3904 2089 3952; x_wconf 92' lang='lat' dir='ltr'><strong><em>in</em></strong></span> <span class='ocrx_word' id='word_1_611' title='bbox 2119 3919 2181 3952; x_wconf 81' lang='lat' dir='ltr'><strong><em>ea</em></strong></span> <span class='ocrx_word' id='word_1_612' title='bbox 2202 3901 2405 3968; x_wconf 84' lang='lat' dir='ltr'><strong><em>quoque</em></strong></span> <span class='ocrx_word' id='word_1_613' title='bbox 2429 3915 2487 3953; x_wconf 84' lang='lat' dir='ltr'><strong><em>re</em></strong></span> 
     </span>
     <span class='ocr_line' id='line_1_98' title="bbox 1431 3976 2489 4062; baseline -0.002 -32"><span class='ocrx_word' id='word_1_614' title='bbox 1431 3984 1652 4045; x_wconf 85' lang='lat' dir='ltr'><strong><em>partium</em></strong></span> <span class='ocrx_word' id='word_1_615' title='bbox 1677 3995 1951 4036; x_wconf 84' lang='lat' dir='ltr'><strong><em>memores,</em></strong></span> <span class='ocrx_word' id='word_1_616' title='bbox 1965 3980 2029 4027; x_wconf 79' lang='lat' dir='ltr'><strong><em>ad</em></strong></span> <span class='ocrx_word' id='word_1_617' title='bbox 2047 3994 2192 4028; x_wconf 85' lang='lat' dir='ltr'><strong><em>suum</em></strong></span> <span class='ocrx_word' id='word_1_618' title='bbox 2218 3976 2489 4062; x_wconf 71' lang='lat' dir='ltr'><strong><em>tenderet&#39;</em></strong></span> 
     </span>
     <span class='ocr_line' id='line_1_99' title="bbox 1430 4057 2081 4120; baseline -0.005 -13"><span class='ocrx_word' id='word_1_619' title='bbox 1430 4059 1520 4107; x_wconf 87' lang='lat' dir='ltr'><strong><em>ubi</em></strong></span> <span class='ocrx_word' id='word_1_620' title='bbox 1546 4057 1662 4105; x_wconf 82' lang='lat' dir='ltr'><strong><em>vide</em></strong></span> <span class='ocrx_word' id='word_1_621' title='bbox 1688 4071 1801 4120; x_wconf 82' lang='lat' dir='ltr'><strong><em>quae</em></strong></span> <span class='ocrx_word' id='word_1_622' title='bbox 1821 4064 2081 4108; x_wconf 82' lang='lat' dir='ltr'><strong><em>notantur.</em></strong></span> 
     </span>
    </p>

    <p class='ocr_par' dir='ltr' id='par_1_14' title="bbox 1418 4130 2491 4349">
     <span class='ocr_line' id='line_1_100' title="bbox 1418 4130 2490 4196; baseline -0.002 -14"><span class='ocrx_word' id='word_1_623' title='bbox 1418 4141 1423 4150; x_wconf 83' lang='grc'><em>·</em></span> <span class='ocrx_word' id='word_1_624' title='bbox 1486 4135 1642 4196; x_wconf 82' lang='lat' dir='ltr'><strong><em>Quod,</em></strong></span> <span class='ocrx_word' id='word_1_625' title='bbox 1665 4134 1995 4182; x_wconf 82' lang='lat' dir='ltr'><strong><em>intercessione</em></strong></span> <span class='ocrx_word' id='word_1_626' title='bbox 2015 4133 2217 4187; x_wconf 75' lang='lat' dir='ltr'><strong><em>sublata.</em></strong></span> <span class='ocrx_word' id='word_1_627' title='bbox 2241 4130 2490 4186; x_wconf 73' lang='lat' dir='ltr'><strong><em>tribunici-</em></strong></span> 
     </span>
     <span class='ocr_line' id='line_1_101' title="bbox 1430 4208 2491 4273; baseline -0.007 -12"><span class='ocrx_word' id='word_1_628' title='bbox 1430 4226 1507 4261; x_wconf 89' lang='lat' dir='ltr'><strong><em>am</em></strong></span> <span class='ocrx_word' id='word_1_629' title='bbox 1528 4215 1807 4272; x_wconf 74' lang='lat' dir='ltr'><strong><em>poeestutem</em></strong></span> <span class='ocrx_word' id='word_1_630' title='bbox 1820 4208 2120 4273; x_wconf 78' lang='lat' dir='ltr'><strong><em>etereissenl]</em></strong></span> <span class='ocrx_word' id='word_1_631' title='bbox 2152 4209 2213 4257; x_wconf 91' lang='lat' dir='ltr'><strong><em>In</em></strong></span> <span class='ocrx_word' id='word_1_632' title='bbox 2232 4208 2491 4271; x_wconf 71' lang='lat' dir='ltr'><strong><em>exempla·</em></strong></span> 
     </span>
     <span class='ocr_line' id='line_1_102' title="bbox 1432 4283 2487 4349; baseline -0.007 -12"><span class='ocrx_word' id='word_1_633' title='bbox 1432 4289 1479 4337; x_wconf 87' lang='lat' dir='ltr'><strong><em>ri</em></strong></span> <span class='ocrx_word' id='word_1_634' title='bbox 1502 4287 1864 4338; x_wconf 77' lang='lat' dir='ltr'><strong><em>Vormaciensi</em></strong></span> <span class='ocrx_word' id='word_1_635' title='bbox 1897 4301 2001 4336; x_wconf 87' lang='lat' dir='ltr'><strong><em>non</em></strong></span> <span class='ocrx_word' id='word_1_636' title='bbox 2037 4295 2118 4336; x_wconf 78' lang='lat' dir='ltr'><strong><em>est</em></strong></span> <span class='ocrx_word' id='word_1_637' title='bbox 2151 4286 2286 4349; x_wconf 77' lang='lat' dir='ltr'><strong><em>quod.</em></strong></span> <span class='ocrx_word' id='word_1_638' title='bbox 2354 4283 2487 4335; x_wconf 86' lang='lat' dir='ltr'><strong><em>Con·</em></strong></span> 
     </span>
    </p>
   </div>
  </div>
 </body>
</html>
