2934 4925
383 433 641 536 ‘7754

463 590 702 660 exponit,
735 588 936 641 ‘nullos
968 600 1160 654 pueros
1176 583 1211 636 ι’
1239 597 1394 651 quem
1429 581 1530 633 eti-

465 689 550 725 em
575 672 692 721 vide
715 669 840 720 ibid.
877 667 942 717 ed
978 682 1052 716 vs.
1074 670 1190 716 446.
1255 663 1354 713 His
1375 676 1529 725 ergu-

461 752 652 802 mentis
677 750 942 812 vulgutum
963 760 1055 794 ιιοιι
1078 744 1291 793 omnibus
1310 739 1528 790 defendi

462 833 665 892 posset,
686 825 908 889 ideoque
931 821 1108 873 invitis
1143 820 1288 869 libris
1321 818 1372 867 in
1405 830 1529 866 eon-

461 912 616 955 textu
639 903 847 953 Clerieo
870 898 1171 951 mutandum
1206 910 1308 948 non
1336 892 1528 944 fueret.

462 981 651 1033 Placet
669 986 842 1030 temen
857 976 1249 1028 Gronoviauum
1264 987 1357 1022 ιιοιι
1376 971 1530 1021 omnis

461 1059 672 1109 delendo.
692 1056 844 1105 urbis.
910 1054 1124 1116 Verum,
1141 1052 1264 1101 licet
1281 1050 1393 1114 jem
1415 1048 1529 1097 uni-

460 1152 522 1188 us
543 1134 734 1186 codicis
757 1131 1056 1182 testimonio
1078 1128 1382 1183 stabilitum,
1398 1137 1526 1175 uon-

461 1213 585 1262 dum
630 1212 683 1261 in
724 1214 1027 1261 contextum
1078 1204 1319 1268 recipere
1374 1215 1527 1253 ausus

464 1290 559 1340 fui.

529 1363 758 1428 Compelli
778 1362 841 1412 ud
861 1360 1147 1410 deditionem
1183 1358 1385 1409 caritate
1408 1354 1529 1406 ωαξ-

459 1456 543 1492 «m
577 1440 795 1505 suarum]
830 1439 999 1489 Vetus
1037 1437 1194 1487 lectio
1226 1437 1427 1485 caritate
1454 1447 1526 1483 se·

460 1521 573 1568 dum
591 1531 803 1567 suarum.
837 1515 1004 1566 Rheu.
1071 1514 1199 1563 Vet.
1221 1513 1315 1563 lib.
1349 1511 1530 1571 sedum,

459 1609 566 1660 quo
592 1601 750 1659 paeto
773 1599 978 1643 veteres
1011 1592 1212 1641 locutos
1232 1604 1348 1640 esse
1373 1587 1531 1637 docet

464 1669 766 1720 Priscianus
812 1668 902 1718 lib.
950 1680 1054 1717 vn.
1100 1681 1154 1731 p.
1193 1668 1310 1715 771.
1361 1665 1378 1691 ‘
1405 1664 1528 1730 Fre·

459 1745 750 1814 quentius‚'
782 1746 969 1811 inquit,
1005 1745 1090 1794 ‘in
1135 1744 1208 1793 Es
1251 1741 1529 1793 terminate

458 1825 655 1890 absque
680 1823 709 1873 1
729 1821 1080 1883 inveniuntur,
1102 1827 1163 1870 ut
1184 1819 1402 1878 Vatum,
1432 1829 1528 1881 pro

457 1900 698 1950 vatium.
784 1898 1037 1962 Virgilius
1099 1896 1152 1945 in
1207 1892 1407 1944 AEneid.
1450 1904 1529 1942 tv.

455 1979 574 2025 464.
605 1975 624 2004 ⁶
642 1975 919 2039 Multaque
939 1979 1197 2038 praeterea
1214 1977 1386 2021 vatum
1402 1982 1530 2033 prae·

457 2053 604 2103 dieta
647 2048 913 2115 priorum.'
997 2050 1185 2099 Cicero
1219 2059 1314 2112 pro
1345 2045 1528 2096 Sextio

457 2144 508 2179 e.
523 2132 603 2179 20.
637 2129 968 2179 ‘vestrarum
991 2125 1172 2175 sedum
1192 2124 1528 2187 templorum-

454 2219 562 2270 que
591 2201 816 2256 eauss.’'
880 2204 980 2253 Est
1019 2210 1198 2252 antem
1244 2200 1387 2250 loeus
1428 2211 1526 2261 pro

457 2280 645 2331 Sextio
690 2278 1128 2329 mendosissimus.
1194 2276 1334 2326 Nam
1372 2275 1527 2337 vulgo

459 2358 686 2420 legitur:
720 2359 735 2385 ⁸
755 2357 852 2417 Te,
873 2355 1062 2419 patria,
1084 2352 1338 2415 obtestor,
1360 2357 1414 2400 et
1434 2365 1526 2399 vos

455 2442 678 2500 penates
703 2434 969 2499 patriique
995 2432 1107 2494 Dii,
1127 2444 1210 2480 me
1234 2435 1528 2478 vestrarum

455 2512 660 2562 sedium
722 2517 1118 2574 temporumque
1175 2503 1378 2570 eeuss,'·
1421 2507 1525 2554 eze.

457 2601 577 2636 eum
602 2594 657 2637 et
674 2592 845 2648 testor,
869 2592 924 2635 et
943 2587 1122 2648 sedum,
1155 2591 1213 2633 et
1249 2583 1529 2645 templorum

459 2664 735 2728 legendum
765 2666 851 2714 sit.
887 2663 1063 2725 Sigon.
1126 2660 1366 2711 Editores
1392 2659 1527 2707 vari-

458 2748 635 2791 arunt.
703 2740 942 2791 Rhenaui
985 2738 1261 2789 lectionem
1309 2749 1526 2800 recepe-

457 2824 584 2868 runt
606 2818 825 2868 Veseos.
858 2822 913 2867 et
948 2815 1124 2866 Curio.
1191 2814 1335 2865 Quos
1357 2812 1525 2862 secuti

455 2895 689 2957 priorem
740 2892 913 2942 adium
965 2894 1296 2941 revocarunt.
1383 2887 1527 2937 Hinc

458 2977 646 3033 postea
664 2969 873 3033 sigonio
897 2967 1098 3018 occasio
1115 2966 1239 3016 dats
1255 2970 1338 3014 est
1352 2963 1524 3013 denuo

455 3047 625 3095 sedum
660 3044 958 3094 vindicandi
978 3057 994 3104 ς
1030 3041 1116 3093 eui
1156 3048 1331 3091 temen
1369 3053 1525 3090 nemo

457 3121 605 3171 dicto
623 3121 835 3170 audiens
852 3118 970 3169 fuit.
1038 3117 1366 3168 Posteriores
1384 3117 1522 3166 enim

459 3196 686 3245 editores
723 3196 900 3245 <edinen
937 3192 1229 3257 servarunt,
1251 3207 1419 3257 usque
1456 3194 1524 3242 ad

457 3272 762 3327 Gruterum,
782 3271 870 3336 qui
892 3272 1073 3322 sedium
1093 3271 1377 3321 substituit.
1426 3271 1526 3320 Ce-

458 3354 647 3405 terum,
670 3348 905 3397 Rheneni
933 3354 990 3398 et
1017 3348 1217 3411 Sigouii
1238 3348 1393 3397 codd.
1415 3347 1526 3396 Ox·

458 3425 702 3475 onienses
756 3436 879 3473 suos
941 3424 1256 3488 consentire,
1308 3422 1525 3473 Hearue

455 3506 702 3553 testatur.
767 3500 833 3550 In
875 3500 1016 3551 nullo
1058 3505 1236 3550 temen
1257 3513 1526 3562 meorum,

453 3578 560 3628 uisi
580 3577 636 3627 in
655 3577 798 3629 Flor.
825 3591 857 3626 u
876 3590 947 3629 m.
982 3588 1067 3641 pr.
1094 3589 1208 3626 eam
1246 3575 1526 3634 lectionem

456 3655 686 3705 invenio.
753 3654 890 3704 Nam
910 3654 1107 3719 edim,
1126 3659 1188 3704 ut
1205 3652 1382 3704 fuerat
1399 3658 1525 3703 ante

457 3735 788 3797 maeonium,
821 3732 1072 3784 exhibent
1105 3732 1257 3782 Harl.
1280 3736 1331 3783 2.
1373 3733 1525 3781 Port.

453 3819 515 3862 et
547 3812 685 3861 Hav.
716 3811 914 3869 sedium,
947 3817 1010 3861 ut
1041 3810 1305 3861 Gruterus
1337 3808 1524 3869 edidit,

457 3888 602 3938 Flor·
640 3905 673 3939 a
700 3904 771 3939 ιιι.
812 3902 918 3939 see.
960 3886 1052 3939 sed
1087 3895 1258 3939 tamen
1288 3885 1524 3951 antiqua,

458 3965 615 4014 Voss.
636 3964 805 4028 umbo,
838 3964 988 4014 Leid.
1018 3963 1186 4021 ambo,
1222 3963 1354 4012 LoV.
1376 3962 1524 4028 quin·

457 4054 586 4107 que,
624 4040 777 4090 Harl.
811 4042 861 4090 1.
895 4040 1119 4092 Guertn.
1157 4038 1434 4090 Kloekieu.
1465 4043 1525 4090 et

455 4117 650 4181 fragm.
673 4116 809 4166 Hsv.
832 4116 968 4181 quod
992 4128 1168 4166 verum
1191 4123 1334 4180 puto.
1395 4115 1524 4165 ‘Se-

460 4191 586 4243 des'
621 4191 884 4241 interdum
905 4205 1020 4241 uon
1031 4197 1229 4241 tuntum
1253 4193 1308 4241 in
1332 4204 1525 4256 genere

457 4266 706 4335 petrium,
726 4267 951 4330 locum,
938 4282 987 4316 ιιι
1007 4280 1112 4332 quo
1143 4281 1418 4329 moremur,
1437 4280 1525 4317 ve-

457 4358 580 4397 rum
599 4345 760 4397 etiem
781 4343 937 4405 sedes,
958 4342 1294 4402 domicilium,
1315 4339 1523 4395 aedlfiei·

1155 437 1374 493 No'rAE
1422 433 1524 489 VA
1536 434 1835 487 molum
1883 429 1965 484 m

1600 594 1706 647 um,
1725 579 1778 630 ln
1793 592 1894 643 quo
1912 574 2224 639 habitemus,
2243 573 2415 622 notat.
2464 568 2503 621 J
2507 565 2663 618 nstin

1602 670 1668 709 n.
1706 660 1784 706 11.
1814 658 1832 685 ⁴
1853 654 2040 704 Statim
2075 650 2214 715 regis
2244 646 2549 713 proetorium
2575 660 2665 707 pe·

1603 738 1742 795 tunt,
1764 738 1856 782 aut
1875 745 1992 781 cum
2015 728 2123 792 illo,
2141 734 2231 776 eut
2248 725 2291 775 si
2308 724 2410 788 ipsi
2429 722 2664 786 obpressi

1598 809 1862 871 essent,in
1880 807 2042 871 ipsius
2064 803 2384 868 potissimum
2408 799 2538 849 sede
2558 812 2665 847 mo·

1599 885 1792 938 rituri.'
1857 885 1973 935 Liv.
1992 895 2108 945 cap.
2131 894 2287 944 praee.
2315 875 2437 926 ‘Ab
2472 890 2539 925 eo
2569 874 2664 924 ini-

1604 965 1734 1015 tium
1756 963 1914 1013 eaedis
1940 967 2131 1020 ortum,
2152 965 2356 1007 eeteros
2377 956 2429 1003 iu
2453 952 2666 1002 sedibus

1600 1041 1708 1092 suis
1728 1033 2050 1090 trucidatos?
2112 1036 2182 1084 Et
2200 1046 2264 1082 eo
2283 1044 2435 1080 sensu
2465 1027 2665 1090 templs

1602 1123 1853 1167 vocantur
1884 1114 2064 1165 ‘sedes
2099 1105 2368 1160 Deorum?
2430 1106 2602 1165 Supra
2625 1115 2665 1152 1.
2750 1104 2761 1116 “

1598 1200 1687 1245 55.
1752 1193 1904 1243 ‘Non
1958 1197 2151 1241 motem
2193 1183 2425 1235 Termini
2466 1180 2665 1241 sedem,

1602 1274 1704 1321 eze.
1738 1269 1887 1319 firme
1907 1265 2218 1329 stabilisque
2238 1266 2430 1310 cuncta
2451 1265 2664 1322 porten-

1603 1346 1728 1397 dere
1745 1344 1779 1395 ι’
1808 1344 1902 1395 -ιιῑιὶ
1924 1340 2156 1407 quaedem
2182 1339 2325 1390 dieta
2347 1343 2487 1385 suut.
2543 1332 2662 1386 Hoc

1604 1424 1698 1475 lib.
1721 1439 1767 1473 e.
1788 1427 1871 1473 39.
1906 1421 1993 1472 ‘Si
2027 1433 2121 1469 arx
2143 1413 2560 1479 Capitoliumque
2583 1425 2665 1459 se-

1603 1503 1698 1552 des
1756 1502 1981 1551 Deorum
2046 1491 2382 1559 superfuerit.
2385 1489 2400 1512 '
2472 1504 2523 1538 c.
2577 1491 2662 1538 50.

1603 1575 1788 1631 ‘Quod
1811 1576 2024 1639 Jupiter
2045 1573 2271 1636 optimus
2291 1567 2568 1619 maximus
2581 1578 2664 1613 su·

1604 1671 1685 1707 am
1722 1655 1897 1706 sedem
1936 1661 2092 1718 etque
2132 1664 2304 1701 arcem
2344 1644 2527 1711 populi
2564 1644 2667 1693 Ro-

1601 1734 1743 1783 mani
1784 1734 1836 1782 in
1881 1744 1937 1781 re
1984 1727 2189 1792 trepide
2232 1730 2426 1775 tutatus
2483 1716 2666 1769 esset-⁹

1604 1821 1851 1860 xxxvm.
1870 1812 1956 1858 43.
1986 1804 2303 1855 ‘Simulaera
2336 1802 2531 1858 Deum,
2558 1798 2664 1846 De·

1598 1902 1660 1938 os
1690 1887 1844 1937 immo
1876 1885 2040 1949 ipsos,
2060 1881 2333 1932 convulsos
2355 1891 2420 1926 ex
2448 1873 2665 1924 sedibus

1603 1965 1728 2023 suis,
1778 1963 1983 2013 ablatos
2034 1958 2186 2011 esse.'
2219 1967 2225 1971 ·
2251 1955 2434 2007 Solent
2486 1959 2664 2000 eutem

1603 2053 1761 2090 voees
1792 2038 1809 2066 ‘
1828 2034 1995 2087 aedes'
2027 2043 2083 2085 et
2116 2028 2331 2083 ‘sedes'
2372 2028 2565 2093 passim
2608 2026 2664 2075 in

1600 2117 1732 2167 Mss.
1767 2112 2093 2164 commutari.
2155 2110 2285 2166 Illis,
2321 2121 2440 2173 quae
2487 2102 2668 2154 notavi

1602 2193 1666 2244 ud
1693 2207 1732 2244 r.
1752 2198 1834 2243 55.
1858 2193 1887 2256 ξ
1908 2195 1958 2241 4.
1980 2197 2038 2240 et
2059 2188 2127 2238 ad
2148 2202 2228 2238 ιν.
2251 2190 2333 2236 20.
2370 2186 2399 2249 §
2421 2187 2503 2234 11.
2525 2180 2661 2230 udde

1600 2271 1883 2321 Burmann.
1907 2269 1972 2317 sd
1988 2268 2189 2318 Nason.
2209 2265 2414 2313 Fastor.
2436 2274 2516 2310 vr.
2542 2262 2665 2310 258.

1598 2347 1655 2397 Si
1678 2347 1791 2412 quis
1828 2356 2000 2397 temen
2030 2344 2207 2404 sedum,
2230 2338 2369 2405 quod
2408 2337 2662 2386 Rbensno

1597 2432 1658 2475 et
1681 2422 1892 2487 Sigonio
1915 2419 2132 2486 placuit,
2156 2413 2539 2483 praeferendum
2565 2426 2664 2477 pu·

1601 2507 1699 2563 tet,
1714 2515 1809 2566 per
1829 2514 1913 2550 me
1932 2498 2132 2548 licebit.
2200 2495 2288 2544 Ita
2303 2492 2438 2544 enim
2456 2498 2513 2540 et
2531 2504 2664 2539 men-

1597 2590 1722 2642 sum,
1759 2590 1854 2641 pro
1887 2573 2132 2630 mensim,
2165 2571 2219 2621 in
2252 2569 2452 2633 optimo
2473 2564 2684 2615 codiee

1596 2653 1799 2704 invenit
1819 2652 2053 2702 Gronov.
2087 2647 2153 2697 ed
2193 2645 2326 2695 Livii
2356 2654 2518 2694 xxxx.
2539 2645 2591 2692 3.
2635 2642 2664 2705 §

1592 2736 1652 2780 ὅ.
1717 2729 1903 2779 Paullo
1924 2735 2047 2777 ente
2079 2729 2336 2786 euentura,
2370 2734 2467 2786 pro
2504 2724 2665 2768 osten·

1592 2808 1714 2866 turi,
1734 2808 1871 2858 male
1892 2805 2044 2856 estin
2065 2802 2216 2853 Harl.
2230 2806 2284 2852 2.

1663 2887 1747 2950 §2
1783 2882 1842 2933 Id
1872 2895 2052 2945 pignus
2080 2876 2428 2944 &flectendos
2450 2873 2663 2924 hostium

1595 2962 1780 3012 animos
1810 2958 2059 3022 haberent]
2089 2958 2171 3007 Aa
2189 2954 2480 3020 flectendum
2513 2950 2661 3003 hosti-

1597 3055 1678 3089 am
1717 3039 1901 3089 animos
1930 3037 2082 3088 Port.
2147 3032 2286 3083 Vide
2329 3029 2397 3079 ad
2443 3041 2535 3079 xx..
2575 3028 2660 3078 49.

1596 3118 1627 3181 Ἰς
1653 3121 1699 3165 1.
1763 3116 1826 3166 In
1850 3115 2033 3166 eodem
2055 3111 2171 3163 eod.
2206 3108 2403 3159 vocum
2439 3103 2694 3169 margini,

1594 3194 1921 3257 adscriptum
1953 3196 2069 3241 erat
2101 3202 2165 3239 eo
2185 3189 2304 3237 loco
2324 3187 2389 3235 ad
2408 3198 2516 3233 cum
2535 3182 2658 3247 flec-

1598 3273 1811 3321 tendum.
1878 3268 2089 3329 Nescio,
2120 3264 2241 3331 quid
2281 3277 2343 3312 eo
2380 3258 2564 3310 addito
2600 3259 2660 3307 li-

1601 3348 1802 3398 brarius
1848 3344 2174 3404 indicaverit,
2214 3340 2314 3390 nisi
2361 3337 2500 3387 forte
2557 3333 2660 3398 legi

1599 3422 1825 3474 voluerit
1856 3423 1918 3471 ad
1950 3417 2334 3483 conflectendmn.
2396 3410 2502 3461 Sed
2536 3424 2662 3459 eou-

1596 3500 1806 3563 spiraut
1848 3497 2036 3561 reliqui
2089 3499 2233 3544 reete
2276 3491 2330 3539 in
2372 3488 2660 3550 vulgatum.

1601 3577 1850 3627 Haberent
1871 3574 2053 3626 deficit
2084 3573 2136 3621 iu
2174 3569 2320 3620 Leid.
2341 3572 2394 3618 2.
2457 3565 2524 3616 Ῑιι
2548 3574 2661 3614 ver-

1601 3653 1681 3703 bis
1702 3651 1968 3718 praecedd.
1992 3651 2126 3700 male
2147 3648 2305 3698 etiam
2337 3643 2476 3693 idem
2511 3641 2661 3691 Port.

1592 3743 1891 3781 concremare
1910 3733 2036 3778 tecta
2057 3723 2287 3790 praefert.
2351 3721 2483 3771 Mox
2499 3720 2664 3782 periu-

1594 3807 1673 3855 de
1685 3821 1762 3868 ιιο,
1793 3819 1889 3870 pro
1926 3817 2030 3868 per.
2050 3807 2212 3865 atque.
2237 3798 2463 3848 Gaertn.
2529 3795 2664 3843 Per·

1598 3898 1798 3950 peram.
1864 3881 2003 3933 Vide
2025 3878 2091 3929 ed
2112 3891 2169 3928 x.
2191 3879 2275 3929 37.
2308 3875 2439 3938 §1¹7.
2503 3871 2582 3932 Τῷ
2612 3870 2665 3923 ἐι

1594 3959 1807 4021 omisso,
1822 3958 2020 4023 perinde
2031 3959 2172 4018 atque
2186 3956 2329 4016 capta
2340 3949 2455 3998 urbe
2466 3947 2662 3997 babent

1598 4036 1909 4087 vetustiores
1932 4032 2075 4098 typis
2096 4027 2366 4091 descripti.
2430 4025 2498 4075 Id
2522 4030 2664 4090 post

1592 4126 1662 4162 eu
1680 4111 1748 4162 ub
1764 4110 1906 4163 Aldu
1940 4108 2172 4158 additum
2204 4107 2445 4168 superest
2470 4100 2528 4151 in
2554 4113 2661 4203 om·

1598 4189 1751 4241 nibus
1771 4202 1928 4239 manu
1951 4184 2200 4237 exaratis.

1662 4268 1694 4332 §
1719 4270 1750 4317 3
1789 4266 2034 4328 Vagosque
2058 4274 2145 4325 per
2164 4259 2268 4310 vias
2288 4271 2449 4307 omnes
2465 4254 2655 4319 currus]

1601 4345 1703 4395 Per
1716 4342 2001 4395 amnestia·
2022 4341 2175 4390 Voss.
2192 4340 2243 4387 2.
2273 4333 2420 4386 Herl-
2439 4336 2491 4383 2.
2514 4332 2655 4383 Port.
