2934 4925
1117 863 1447 943 LIBER
1527 848 1626 942 V·

335 1166 466 1216 CA».
493 1180 530 1215 r.
581 1169 610 1232 ς
634 1170 662 1215 1
700 1168 829 1217 Pace
850 1167 966 1218 alibi
987 1168 1151 1233 parta]
1171 1169 1326 1220 Para·

276 1248 323 1291 tu
345 1244 478 1292 Flor.
514 1244 668 1292 Voss.
691 1248 738 1292 l.
783 1245 928 1294 Leid.
948 1249 997 1294 2.
1037 1247 1162 1295 Lov.
1185 1251 1231 1295 l.
1269 1253 1329 1295 et¹

273 1317 410 1367 Port.
433 1334 550 1382 quae
585 1319 764 1368 horum
802 1320 1166 1370 vocabulorum
1204 1336 1324 1371 cou-

270 1391 390 1443 fusio
424 1396 475 1443 in
509 1395 663 1444 codd.
697 1398 914 1446 vetustis
949 1396 1201 1462 frequens
1224 1405 1323 1448 est.

272 1469 395 1517 Vide
416 1470 480 1519 ad
506 1472 557 1519 b.
581 1471 669 1519 lib.
690 1486 737 1521 c.
754 1476 804 1521 6.
827 1474 855 1537 ς
878 1476 926 1522 1.
978 1486 1017 1521 1.
1036 1476 1119 1525 19.
1141 1475 1159 1504 ‘
1183 1474 1324 1524 Pace

272 1552 399 1593 terra
420 1549 660 1611 marique
683 1547 883 1610 partaz'
904 1548 992 1598 ubi
1018 1549 1254 1599 similiter
1273 1551 1325 1600 in

271 1623 567 1686 quibusdam
609 1625 815 1687 scriptis
857 1626 1192 1688 peccabatur.
1259 1641 1324 1677 11.

266 1702 340 1749 26.
369 1700 385 1727 ‘
408 1700 471 1748 In
495 1714 689 1764 magna
712 1701 825 1764 jam
857 1716 951 1766 spe
983 1709 1151 1766 partae
1175 1701 1323 1753 nudi·

265 1789 357 1838 que
381 1775 566 1837 pacis!
632 1790 721 1825 nr.
747 1780 820 1825 19.
857 1777 874 1805 ‘
899 1779 1041 1828 Pace
1076 1783 1227 1840 parta
1248 1780 1321 1828 in·

262 1858 391 1902 stare
430 1859 548 1900 tum
590 1851 824 1901 tribuni!
889 1866 1009 1903 xxl.
1032 1857 1114 1903 60.
1164 1854 1181 1881 ‘
1207 1854 1323 1904 Nec

171 1972 175 1977 .
264 1942 357 1990 pax
402 1929 566 1978 modo
620 1927 759 1992 apud
815 1943 924 1991 eos,
965 1928 1057 1977 sed
1099 1930 1321 1979 societas

263 2003 408 2056 etiam
432 2019 698 2054 armorum
735 2010 883 2067 parta
917 2004 1034 2053 est.’
1101 2005 1229 2054 Mox
1250 2005 1319 2071 fi·

264 2094 360 2128 aevu
393 2095 515 2139 esse,
557 2094 653 2144 pro
676 2080 776 2145 fin.
809 2082 989 2135 adesse,
1022 2080 1169 2129 [aeid.
1193 2085 1240 2130 2.
1265 2089 1321 2129 et

263 2153 377 2204 Lov.
406 2160 447 2205 1.
525 2155 732 2206 Deinde
759 2156 970 2206 verbum
1001 2162 1112 2206 sunt
1146 2156 1325 2206 deficit

266 2230 311 2293 ip
333 2232 483 2281 Voss.
513 2236 563 2281 1.

285 2324 302 2354 t
322 2307 348 2369 ς
370 2310 401 2355 2
438 2308 587 2370 Octo,
609 2312 719 2369 quot
740 2319 992 2369 numquam
1013 2302 1173 2373 autea,
1193 2323 1324 2358 creu-

266 2382 323 2445 ti]
351 2385 645 2448 Discrepat
679 2386 764 2433 bic
796 2400 828 2433 a
860 2385 1049 2435 tabulis
1073 2386 1324 2450 Capitoli·

265 2459 335 2509 nis
365 2462 591 2512 historia
612 2463 845 2521 Liviana,
869 2477 987 2526 quae
1012 2470 1134 2512 octo
1160 2462 1321 2512 tribu·

264 2549 346 2583 nos
376 2538 626 2594 militum,
657 2538 865 2588 insolito
909 2539 1051 2602 prius
1088 2552 1324 2601 numero,

263 2610 399 2660 nobis
414 2627 480 2661 ex
488 2613 688 2675 primit‚
705 2627 951 2663 censores
965 2613 1076 2677 ejus
1099 2615 1223 2663 anni
1236 2613 1323 2662 tri·

263 2686 401 2737 bunis
424 2690 731 2753 adjungens.
783 2690 980 2740 Nescio
996 2705 1247 2755 quosnam
1271 2692 1325 2740 in

236 2763 347 2821 Vboc
370 2772 626 2830 sequatur
647 2775 906 2817 auctores.
955 2768 1034 2817 Μ.
1053 2767 1324 2817 Camillum

261 2848 311 2887 et
338 2841 415 2889 Μ.
439 2842 773 2892 Postumium
811 2842 1056 2893 Albinum
1091 2858 1198 2894 non
1234 2844 1326 2894 tri-

259 2916 413 2967 bunos
437 2919 658 2983 milites,
679 2920 776 2968 sed
799 2935 1045 2972 censores
1068 2921 1169 2971 hoc
1190 2935 1324 2971 auno

259 2990 432 3056 fuisse,
465 3002 524 3044 et
564 2996 786 3045 lustrum
819 2997 973 3046 Urbis
1008 2997 1322 3047 xvi-condi-

258 3066 409 3130 disse,
431 3084 499 3118 ex
536 3069 841 3134 fragmento
867 3073 1140 3130 Fastorum
1166 3074 1322 3136 Capi-

261 3143 530 3193 tolium-um
574 3146 709 3194 haud
745 3145 905 3195 dubie
942 3147 1320 3210 cognoscimus.

261 3218 450 3269 Quibus
476 3222 635 3269 etiam
672 3218 990 3284 suffragatur
1022 3235 1124 3271 non
1156 3223 1320 3271 solum

262 3292 592 3354 Plutarchus,
648 3297 738 3361 qui
791 3310 1061 3346 censuram
1117 3297 1325 3346 Camilli

262 3375 374 3418 ante
393 3372 525 3420 alios
542 3386 664 3422 suos
682 3373 1014 3436 magistratus
1035 3386 1213 3422 omnes
1235 3372 1325 3422 de-

262 3448 435 3499 scribit
467 3451 520 3499 in
552 3451 666 3513 ejus
687 3452 797 3501 Vit.
829 3466 884 3514 p.
908 3455 1022 3502 129.
1045 3451 1136 3500 sed
1165 3453 1323 3501 etiam

263 3524 494 3577 Valerius
531 3530 796 3579 Maximus
834 3543 899 3579 11.
935 3535 989 3580 9.
1035 3530 1113 3579 Μ.
1139 3531 1324 3580 Camil·

263 3597 358 3647 lum
375 3609 428 3650 et
449 3603 525 3654 Μ.
542 3603 873 3653 Postumium
894 3604 946 3653 in
965 3619 1187 3654 censura
1205 3617 1327 3653 con-

255 3673 494 3739 jungens,
524 3678 864 3744 referensque
897 3694 1015 3730 cum
1039 3679 1349 3737 Plutarcho*

264 3765 345 3800 eos
365 3754 584 3816 primum
608 3770 854 3806 censores
877 3756 1052 3807 edicto
1077 3758 1345 3820 populum¹

264 3828 539 3880 Romanum
588 3831 653 3881 ad
701 3833 1034 3882 matrimonia
1072 3831 1324 3896 coegisse,

265 3908 315 3952 et
336 3918 442 3953 aera
467 3921 634 3970 poenae
658 3907 869 3956 nomine
899 3922 986 3955 eos
1019 3907 1108 3970 qui
1143 3906 1322 3957 viduas

260 3981 586 4046 sprevissent,
605 3990 660 4032 et
684 3982 752 4032 ad
768 3990 1096 4034 senectutem
1115 3983 1323 4033 caelibes

267 4068 622 4118 pervenerant,
679 4058 893 4109 deferre
958 4061 1013 4109 in
1083 4061 1323 4110 aerarium

256 4130 484 4193 jussisse.
536 4136 693 4185 Unde
716 4137 805 4185 lex
825 4136 934 4197 illa,
957 4151 1111 4201 quam
1134 4136 1202 4186 de
1227 4137 1325 4186 Le·

269 4207 368 4270 gib.
415 4224 499 4260 ιιι.
534 4216 584 4262 3.
624 4214 767 4261 inter
808 4213 937 4263 alias
981 4212 1048 4261 ad
1087 4227 1323 4262 censurae

270 4296 465 4347 munus
498 4288 824 4353 pertinentes
879 4289 1070 4340 recitat
1119 4289 1325 4353 Cicero,

1406 1172 1423 1202 ‘
1443 1171 1667 1223 Caelibes
1684 1186 1797 1222 esse
1814 1172 2171 1237 probibeuto;'
2196 1173 2460 1224 viduarum

1404 1249 1607 1299 turbam
1662 1256 1862 1312 vetans,
1913 1251 2116 1299 civitati
2171 1251 2461 1314 praesertim

1404 1322 1760 1387 frequentibus
1783 1327 1936 1375 armis
1958 1326 2323 1375 exhauriendae
2345 1339 2465 1389 per-

1403 1402 1672 1451 niciosam.
1721 1404 2031 1452 Plutarchus
2050 1404 2185 1452 idem
2204 1402 2317 1452 fere
2339 1403 2467 1451 scri·

1405 1477 1502 1541 bit,
1540 1479 1802 1543 additque,
1827 1479 2097 1528 Camillum
2121 1479 2465 1534 emolumento

1402 1551 1584 1618 finisse,
1656 1555 2076 1618 consuluisseque
2146 1553 2467 1616 reipublice,

1405 1630 1544 1695 quod
1588 1625 1994 1694 orphanos‚'qui
2031 1630 2175 1693 prius
2211 1629 2465 1678 immunes

1404 1714 1574 1761 erant,
1597 1706 1660 1754 ad
1688 1707 1886 1756 tributa
1902 1703 2180 1769 pendenda
2201 1704 2467 1766 compule-

1404 1782 1491 1831 rit.
1524 1782 1728 1843 Piglu'ns
1760 1782 1811 1829 iu
1845 1781 2030 1829 Annal.
2060 1778 2126 1828 ad
2161 1793 2209 1827 a.
2244 1790 2391 1828 ecel..
2415 1792 2468 1841 p.

1401 1862 1520 1908 209.
1585 1859 1754 1911 Quem
1779 1857 1957 1906 Livius
1988 1862 2195 1905 secutus
2227 1855 2315 1917 sit,
2342 1861 2466 1904 octo

1404 1933 1963 1998 tribunos-consulares
1996 1932 2091 1980 lioc
2114 1944 2246 1980 anuo
2274 1929 2468 1979 consti-

1402 2016 1547 2058 tutos
1586 2019 1822 2071 narrans,
1849 2006 1972 2057 mibi
1999 2019 2205 2070 quoque
2237 2006 2468 2067 ignotum

1402 2093 1503 2135 est.
1574 2085 1789 2134 Interim
1823 2093 1993 2133 tamen
2030 2083 2143 2132 aliis
2173 2082 2325 2132 etiam
2351 2096 2466 2146 per-

1402 2175 1606 2211 suasum
1644 2160 1824 2222 fuisse,
1863 2158 2126 2209 interdum
2149 2165 2365 2208 octonos
2388 2164 2468 2206 ta·

1404 2239 1481 2286 les
1509 2238 1739 2287 tribunos
1764 2237 1943 2285 Romae
1976 2240 2180 2283 creatos
2203 2249 2340 2297 esse,
2358 2233 2468 2282 sive

1404 2314 1454 2362 in
1500 2328 1564 2363 ea
1597 2327 1653 2361 re
1704 2313 1870 2375 Livio,
1912 2312 2022 2361 sive
2058 2312 2170 2360 aliis
2213 2310 2468 2375 prioribus

1404 2389 1750 2453 scriptoribus
1779 2387 1909 2437 fides
1938 2387 2115 2436 habita
2144 2387 2233 2451 sit,
2263 2392 2471 2437 constat

1405 2481 1471 2516 ex
1506 2467 1740 2515 oratione
1779 2464 1982 2514 Claudii
2014 2465 2069 2514 iu
2107 2464 2288 2514 tabula
2330 2477 2471 2513 aerea

1406 2540 1546 2605 apud
1584 2541 1740 2591 Grut.
1785 2555 1837 2604 p.
1877 2552 1984 2588 1111.
2025 2540 2123 2588 col.
2171 2543 2218 2589 l.
2303 2550 2470 2591 evm.

1406 2633 1478 2669 m
1501 2651 1664 2670 .....
1684 2631 1808 2668 vms
1879 2616 2044 2681 (forte
2121 2615 2469 2681 supplendum

1406 2707 1567 2748 evm.
1632 2707 1711 2743 nt.
1767 2691 2015 2757 rums.)
2071 2704 2470 2742 nis-rmnvrvn.

1404 2783 1744 2821 cousvumz.
1807 2783 2117 2819 meamus.
2169 2781 2470 2818 ‘rmnvuos-

1405 2860 1540 2901 cvr..
1592 2859 1861 2896 mtmwvm.
1916 2856 2256 2895 cousvmuu.
2302 2856 2471 2892 narn·

1407 2935 1525 2975 κιο.
1581 2933 1950 2970 ΑΡΡΕιιΑΊ-οε.
2003 2932 2120 2971 avr.
2177 2930 2321 2966 snm.
2385 2930 2469 2965 rr.

1405 3011 1594 3047 saepe.
1616 3009 1843 3046 ocrem.
1873 3003 2261 3043 cumaea-rvn.
2328 2993 2469 3043 Quin

1402 3082 1459 3123 et
1483 3075 1681 3136 plures,
1703 3086 1854 3136 quam
1878 3084 2049 3132 senos,
2072 3070 2307 3134 adeoque
2328 3077 2470 3119 octo·

1402 3163 1515 3205 nos,
1533 3163 1636 3197 uno
1655 3161 1788 3196 anno
1808 3147 2001 3195 electos
2020 3144 2184 3194 fuisse
2205 3144 2478 3200 constabit,

1403 3239 1471 3274 ex
1509 3223 1797 3287 Pomponio
1830 3221 1992 3283 Jcto,
2022 3221 2305 3271 secundum
2338 3219 2469 3270 veri·

1403 3299 1620 3348 similem
1658 3299 1883 3346 virorum
1910 3296 2180 3345 doctorum
2204 3295 2469 3357 conjectu-

1405 3390 1535 3437 ram,
1567 3375 1621 3422 iu
1659 3371 1694 3422 1.
1716 3378 1766 3423 2.
1801 3376 1937 3438 §25.
1974 3368 2031 3421 ff.
2063 3371 2128 3420 de
2167 3369 2315 3433 Orig.
2350 3368 2470 3419 Jur.

1404 3451 1421 3480 ‘
1446 3447 1654 3514 Hique'
1698 3448 1913 3514 (nempe
1967 3444 2168 3496 tribuni
2221 3443 2471 3504 militum)

1407 3529 1424 3557 ‘
1440 3527 1715 3577 constituti
1739 3533 1863 3579 sunt
1882 3524 2023 3574 vario
2043 3536 2285 3572 numen-oe
2310 3522 2471 3570 inter-

1407 3603 1532 3653 dum
1585 3602 1719 3649 enim
1768 3599 1879 3650 seni
1929 3599 2159 3660 fuerunt,
2206 3596 2470 3645 interdum

1407 3681 1600 3744 plures,
1621 3690 1999 3741 nonnumquam
2026 3675 2298 3738 pauciores
2313 3672 2345 3720 π’
2382 3672 2471 3721 ubi

1406 3756 1525 3805 vide
1551 3755 1706 3804 Corn.
1731 3768 1829 3804 van
1865 3749 2158 3816 Bynkersh.
2223 3748 2469 3798 Ceterum

1403 3834 1526 3896 quod
1548 3845 1814 3894 numquam,
1834 3843 1931 3892 pro
1950 3832 2081 3891 quot,
2102 3820 2249 3874 Leid.
2276 3829 2323 3873 1.
2341 3825 2472 3873 ιον.

1403 3912 1452 3957 2.
1470 3912 1519 3957 4.
1560 3907 1707 3956 Harl.
1730 3910 1782 3957 2.
1822 3906 1973 3954 Port.
2005 3903 2227 3953 Gaertn.
2252 3900 2390 3949 Hav.
2414 3907 2471 3949 et

1403 3983 1663 4032 nonnullae
1684 3987 1917 4031 veterum
1936 3978 2058 4028 edd.
2073 3977 2328 4042 quomodo
2347 3976 2471 4025 alibi

1403 4061 1562 4109 etiam
1602 4057 1841 4107 librarios
1878 4058 2046 4120 lapsos
2071 4067 2205 4115 esse,
2229 4052 2471 4101 indicabo

1406 4135 1472 4184 ad
1515 4148 1666 4183 xmv.
1705 4137 1752 4184 l.
1788 4135 1889 4196 §L
1954 4132 2165 4179 Mutato
2202 4129 2359 4178 etiam
2389 4142 2471 4176 or-

1407 4212 1525 4259 dine
1557 4210 1709 4259 creati
1742 4213 1882 4258 uuteu
1901 4208 2054 4257 Voss.
2079 4210 2125 4254 1.
2162 4205 2309 4255 Leid.
2331 4208 2377 4252 2.
2415 4211 2472 4254 et

1408 4288 1602 4339 [aemil.
1637 4285 1921 4344 auten-eati
1957 4285 2148 4333 Lov.4.
