2934 4925
853 393 925 440 T.
969 389 1163 440 mvn
1218 390 1416 439 His‘r.
1474 391 1617 440 Lm.
1660 392 1763 439 vi.
1811 393 1974 441 cn.
2012 378 2122 443 42.

383 549 483 598 pro
507 534 736 597 Cornelii,
753 535 971 585 Gaertn.
988 540 1046 586 et
1062 535 1258 585 Lovui.
1306 533 1448 584 Vide

384 613 483 662 hoc
507 612 599 662 lib.
621 612 685 660 sd
712 626 761 662 c.
784 616 868 661 22.
885 614 920 677 ς
946 616 992 660 1.

446 689 474 751 §
499 692 533 737 4
569 689 727 743 Quum
741 693 934 752 ⁴proeter
959 686 1250 738 Velitrarum
1270 685 1443 736 obsidi-

380 780 532 827 onem,
563 767 695 815 tardi
724 766 883 827 magis
911 779 1072 814 rerum
1102 763 1278 825 exitus,
1303 779 1445 828 qnam

378 843 530 900 dubii,
552 846 725 907 quieta·
756 849 966 894 externa
996 858 1075 892 res
1107 842 1337 892 Romanis
1368 858 1440 892 es·

377 920 505 986 sent]
533 921 620 970 Sic
638 922 747 985 jam
772 936 804 970 a
826 923 1078 971 Curione:
1115 920 1206 968 sed
1231 915 1441 969 Mss.‘et

376 997 562 1060 priscae
585 997 705 1047 edd.
725 997 881 1059 magis
900 1012 999 1047 rem
1020 996 1196 1046 exitus.
1248 996 1437 1045 Utrum

377 1079 491 1121 tota
532 1088 633 1122 vox
678 1073 949 1129 abolenda,
995 1087 1061 1121 sn
1111 1070 1435 1121 scribendum

375 1149 536 1214 quieta
566 1154 767 1198 externa
802 1149 1069 1199 Romanis?
1098 1149 1153 1200 J.
1183 1149 1241 1198 F.
1275 1148 1435 1198 Gron.

383 1224 526 1276 Velit.
559 1227 729 1291 obsid„
765 1229 897 1277 tardi
937 1226 1091 1289 magis
1123 1239 1224 1275 rem
1259 1226 1435 1290 σωίἰυε,

372 1316 514 1365 quam
548 1305 682 1354 dubii
722 1305 858 1353 hand
904 1304 1061 1354 dubie
1095 1318 1220 1353 vers
1260 1302 1434 1353 lectio.

373 1378 510 1429 Lib:
528 1394 686 1430 xxiv.
709 1396 758 1430 c.
787 1385 864 1431 17.
900 1388 915 1410 ·
941 1380 1146 1432 Omissa
1166 1394 1259 1443 spe
1285 1380 1434 1430 Nolae

372 1458 665 1521 potiundae,
683 1458 757 1507 rei
779 1471 1038 1522 nunquam
1061 1450 1304 1520 prospere
1324 1463 1434 1505 ten&

371 1534 537 1593 tstae:
569 1549 652 1585 vr.
668 1538 719 1584 9.
753 1540 769 1565 ⁶
790 1533 1008 1584 Animus
1036 1534 1185 1583 ducis
1220 1533 1297 1582 rei
1329 1548 1434 1582 ms-

289 1666 302 1673 ,
360 1611 489 1675 jori,
528 1610 710 1670 Antio,
751 1610 1092 1662 imminebat.'
1126 1612 1240 1661 Juc.
1278 1609 1432 1659 Groui

370 1692 503 1741 Dum
535 1697 714 1756 proeter
745 1692 874 1741 Lov.
894 1696 945 1741 4.
965 1698 1013 1741 5.
1048 1690 1196 1740 Port.
1218 1688 1357 1738 Hsv.
1376 1694 1434 1737 et

370 1767 591 1817 Hearnii
614 1768 788 1817 Oxou.
814 1768 881 1817 B.
904 1774 960 1817 et
983 1767 1044 1817 C.
1081 1766 1241 1816 Male.
1294 1762 1431 1813 Vide

370 1845 435 1893 sd
459 1857 500 1894 ι.
523 1849 607 1895 40.
625 1846 652 1908 §
671 1848 720 1894 7.
764 1845 894 1893 Tum
919 1843 1226 1894 Velim-arum
1244 1839 1431 1903 fragm.

367 1921 506 1971 Hav.
574 1920 779 1971 Deinde
812 1921 943 1970 lardi
963 1921 1118 1983 magis
1133 1935 1233 1970 rem
1256 1919 1431 1973 exitus,

367 1998 501 2063 quod
537 2005 679 2048 recte
710 2000 825 2051 Jsc.
847 1998 1143 2048 Gronovius
1172 1996 1430 2060 defendit,

365 2089 545 2126 omues
567 2076 721 2127 codd.
742 2077 873 2137 mei3
911 2076 1008 2126 nisi
1029 2075 1166 2140 quod
1183 2089 1341 2125 rernm
1361 2074 1429 2123 sit

365 2155 420 2203 in
444 2155 574 2204 Lov.
596 2158 645 2203 3.
675 2168 753 2203 res
776 2155 829 2202 iu
854 2154 979 2203 Lov-
1001 2158 1053 2201 4.
1110 2152 1218 2201 Pro
1239 2165 1304 2201 eo
1325 2156 1433 2201 tur-

364 2230 417 2280 di
446 2230 604 2293 magis
633 2245 792 2279 rerum
817 2229 979 2279 exitus
1000 2243 1105 2278 non
1128 2228 1286 2277 Curio
1323 2227 1426 2290 pri·

364 2320 476 2356 mus
509 2306 677 2363 dedit,
699 2312 758 2355 ut
782 2307 1046 2355 existimat
1066 2305 1118 2356 J.
1140 2305 1200 2353 F.
1223 2303 1425 2353 Grono-

362 2382 492 2439 vius,
529 2385 622 2433 sed
660 2384 770 2448 jam
811 2390 935 2432 unte
977 2397 1093 2431 eum
1135 2380 1425 2430 Frobenius

364 2454 518 2508 1'535..
564 2459 892 2509 Basileenses
918 2463 1062 2509 1539.
1082 2468 1141 2506 et
1163 2456 1425 2523 Gryplrius

364 2539 509 2584 1548.
588 2537 652 2584 Et
688 2535 896 2599 quidem
934 2533 1069 2584 idem
1112 2524 1425 2599 Gronovius,-

359 2612 658 2661 nonnullsm
682 2612 855 2660 mendi
877 2611 1222 2675 suspicionem
1250 2610 1302 2659 iu
1327 2610 1446 2679 lioc'

361 2687 477 2737 loco
508 2688 608 2736 sibi
635 2702 773 2753 esse,
795 2694 1019 2738 testatus
1042 2695 1125 2737 est
1148 2686 1214 2737 ud
1250 2701 1317 2736 11.
1340 2691 1421 2736 18.

358 2766 386 2828 ξ
408 2769 459 2815 2.
531 2765 637 2814 Sed
660 2764 831 2815 fraudi
867 2765 943 2815 illi
965 2763 1086 2822 fuit,
1110 2758 1249 2830 qiiod
1272 2764 1422 2814 Livio

355 2841 625 2905 indiguum
662 2842 962 2903 crediderit,
994 2851 1054 2892 ut
1089 2849 1197 2892 tam
1230 2841 1420 2905 exiguo

246 2910 252 2915 ’
358 2914 648 2967 verborum'
669 2919 866 2969 ambitu
895 2917 1078 2968 eadem
1101 2932 1230 2969 voce
1257 2917 1340 2967 bis
1360 2933 1420 2967 u·

356 3001 575 3063 teretur.
635 2995 740 3045 Sed
764 2995 884 3045 vide
908 3010 1023 3060 quae
1048 2995 1190 3045 dicte
1210 3001 1330 3045 sunt
1350 2994 1414 3045 sd

355 3070 595 3141 eumdem
618 3070 806 3128 locum,
825 3078 881 3122 et
905 3072 969 3121 ad
995 3085 1036 3121 ι.
1057 3075 1107 3121 8.
1128 3073 1155 3135 ξ
1174 3075 1238 3122 9.·

417 3147 571 3197 Fama
596 3161 763 3212 repens
784 3148 893 3197 belli
918 3149 1097 3198 Gallici
1115 3150 1279 3199 adlata
1308 3164 1424 3213 per«

345 3224 473 3287 pulit
513 3223 784 3289 civitatem]
834 3224 951 3275 Pal.
987 3229 1037 3275 2.
1070 3225 1210 3284 sama
1248 3240 1416 3289 repens

350 3299 459 3349 beai
490 3299 625 3349 Galli
651 3300 852 3364 perculit
878 3300 1139 3350 civitatem.
1172 3303 1188 3330 ⁴
1207 3301 1412 3351 Bellum

350 3377 562 3426 Gallum
579 3376 595 3400 '
617 3391 713 3441 pro
738 3384 753 3406 ‘
778 3377 879 3426 bel.
903 3375 1201 3426 Gallicum!
1269 3378 1357 3427 Sic
1374 3378 1411 3429 i.

347 3464 510 3502 xxxx.
534 3459 586 3503 6.
620 3453 814 3502 habent
837 3453 973 3502 Pan.
998 3459 1044 3503 l.
1067 3462 1122 3503 et
1143 3457 1193 3503 2.
1228 3460 1243 3482 ·
1260 3455 1410 3505 Com·

346 3538 548 3580 mestus
567 3544 769 3595 quoque
792 3530 957 3579 omnis
979 3531 1187 3594 generis
1202 3533 1411 3582 occulte

345 3606 411 3655 ad
432 3621 552 3656 eum
574 3621 603 3656 s
626 3605 790 3656 Gallis
808 3606 1011 3669 populis
1033 3606 1409 3657 mittebantur?

351 3685 505 3747 Gelda.
556 3685 709 3734 Fama
731 3682 940 3746 repentis
957 3683 1065 3732 belli
1083 3683 1264 3734 Gallici
1289 3687 1411 3737 Lov-

343 3765 394 3808 6.
429 3758 615 3822 fragm.
647 3759 787 3808 Hav.
812 3768 867 3809 et
897 3759 1113 3808 Hesi-nii
1140 3761 1313 3808 Oxou.
1338 3761 1410 3811 N.

341 3836 505 3885 Male.
575 3835 715 3885 Vide
739 3834 802 3882 ad
832 3848 960 3884 vm.
980 3838 1063 3884 29.
1086 3836 1114 3898 §
1140 3839 1194 3889 1.,
1256 3837 1407 3885 Fama

338 3927 506 3974 reparas
538 3911 650 3970 belli
688 3910 872 3959 Gallici
904 3910 1034 3960 Lov.
1067 3916 1113 3960 1.
1158 3911 1301 3971 sunm
1330 3928 1405 3963 re·

334 4003 453 4050 pens
484 3988 593 4036 belli
628 3986 783 4037 Gauii
811 3987 958 4036 Leid.
995 3991 1041 4036 1.
1071 3988 1213 4047 sama
1241 4003 1407 4051 repens

338 4066 451 4114 belli
497 4065 635 4117 Galli
681 4064 832 4114 Harl.
880 4068 929 4112 2.
976 4065 1119 4112 Port.
1163 4072 1221 4113 et
1264 4065 1410 4115 Haw

339 4143 479 4193 Vide
513 4157 631 4207 quae
666 4142 763 4191 viri
794 4140 936 4191 docti
971 4148 1217 4191 notarunt
1239 4143 1302 4191 sd
1325 4144 1402 4193 Si·

337 4220 399 4269 lii
434 4217 559 4268 Ital.
592 4233 633 4269 1.
653 4222 771 4269 252.
839 4217 1036 4265 Verum
1075 4219 1258 4280 optimi
1290 4221 1402 4283 ple-

309 4316 318 4319 ·
336 4295 487 4360 rique
511 4294 665 4346 codd.
683 4295 949 4358 vulgatum
967 4290 1297 4348 defendunt..
1313 4296 1412 4348 In·-

2412 380 2603 456 8111-

1521 531 1603 586 ῆι
1623 535 1791 598 ,etism
1826 536 1941 586 loco
1974 552 2004 586 s
2029 535 2310 587 Gebhardo
2331 537 2472 589 land.
2495 539 2582 590 nbi

1520 611 1573 660 iu
1618 614 1792 663 multis
1829 613 1983 665 codd.
2027 614 2188 663 Gallis
2225 616 2412 679 populis
2465 631 2581 681 pro-

1520 695 1645 750 stat,
1682 688 1946 738 Gronovio
1979 689 2139 739 lectio
2171 690 2264 739 illa
2296 692 2581 755 displicuit,

1520 778 1614 828 pro
1637 779 1738 829 quo
1763 765 1941 815 Gallice
1960 766 2145 830 populis
2165 767 2438 832 legendum
2458 784 2577 819 ceu·
2603 822 2609 830 ,

1519 842 1640 891 suit.
1704 842 1759 891 Si
1793 842 1917 906 quid
1947 842 2031 891 hic
2063 844 2384 907 mutandum,
2405 856 2607 909 posset.

1516 918 1702 981 optimi
1722 918 1868 966 Leid.
1888 918 2148 981 scriptura
2171 919 2280 969 belli
2313 922 2469 971 Gellii
2498 937 2578 972 re·

1516 993 1641 1056 cipi.
1720 993 1970 1043 Similiter
2010 994 2144 1043 euim
2186 995 2202 1022 ‘
2226 996 2345 1045 duae
2387 999 2577 1049 Galliae

1514 1069 1792 1119 mulieres’
1827 1070 2100 1120 Sallustius
2133 1071 2268 1122 dixit
2301 1073 2352 1122 in
2388 1073 2574 1138 fragm.

1513 1147 1719 1198 Histor.
1742 1147 1831 1197 lib.
1871 1162 1949 1198 ιν.
1973 1157 2024 1213 p'.
2048 1153 2164 1199 990.
2188 1149 2278 1199 ubi
2304 1151 2420 1201 vide
2446 1154 2579 1202 Con-‘-

1517 1224 1673 1274 tium:
1715 1230 1771 1273 et
1800 1224 1874 1273 ita
1904 1231 2077 1274 ‘terra
2110 1225 2320 1285 Gallia?
2353 1223 2578 1292 ‘Italisf

1514 1307 1570 1350 et
1605 1301 1811 1362 similia,
1844 1300 1911 1350 de
1947 1301 2131 1366 quibus
2152 1302 2292 1358 ,vide
2326 1303 2393 1352 ad
2436 1299 2573 1355 xxv'.

1511 1386 1560 1432 7.
1591 1383 1709 1445 §⁴1.v
1756 1382 1897 1431 Puto
1938 1389 2112 1432 tannen
2148 1384 2409 1445 vulgatum
2447 1383 2577 1449 p'rae-

1509 1456 1780 1508 ferendum
1820 1458 1889 1508 ob
1923 1459 2236 1525 reliquorum
2271 1462 2421 1511 codd.
2440 1465 2575 1514 ‘auc-

1510 1534 1797 1584 tor-itatem.
1832 1535 1995 1585 -Tum
2027 1542 2155 1586 essee.
2186 1538 2352 1597 allata,
2388 1552 2571 1602 perpe-

1508 1625 1619 1661 ram
1643 1611 1823 1661 addita
1839 1611 2013 1676 priore
2032 1605 2181 1669 voce.
2198 1614 2323 1663 Lov.
2341 1619 2390 1665 1.
2430 1616 2575 1665 Proe·

1509 1695 1656 1739 teres
1670 1689 2151 1754 pentuma-ivitatem
2175 1689 2369 1741 Lov.²1.
2400 1711 2407 1718 ·
2432 1692 2572 1743 Vide

1507 1764 1573 1813 sd
1615 1778 1796 1815 xxxv.
1829 1769 1910 1815 27.
1944 1767 2080 1829 §la
2121 1766 2366 1815 ‘Perculit
2397 1768 2569 1818 civita-

1506 1844 1602 1890 tem
1628 1842 1776 1892 Leid.
1798 1846 1846 1891 2.
1868 1841 1995 1889 Lov.
2015 1845 2066 1890 4.
2091 1841 2229 1890 Hsv.
2258 1851 2312 1891 et
2328 1843 2570 1898 2Hearnii

1506 1918 1682 1967 Oxou.
1709 1918 1770 1968 C.
1839 1918 1909 1968 Et
1935 1918 2216 1982 ita'legisse
2238 1918 2448 1969 videtur
2477 1923 2568 1972 Pi-

1505 1994 1653 2056 ghius
1687 1995 1740 2043 in
1776 1994 1962 2045 Annsl.
1993 1996 2057 2045 ad
2083 2012 2130 2045 a.
2153 2010 2491 2047 cchxxxvr.
2515 2014 2564 2064 p.

1503 2073 1619 2119 260.
1687 2071 1847 2120 Male.
1911 2071 2046 2120 Vide
2091 2071 2156 2120 ad
2201 2085 2289 2121 ιιι.
2328 2076 2409 2122 30.
2448 2075 2475 2137 §
2514 2079 2566 2124 4.

1507 2148 1635 2198 Mox
1668 2146 1835 2210 quinto
1868 2148 2105 2198 diceretur
2144 2148 2295 2198 Harl.
2329 2153 2376 2198 2.
2418 2150 2564 2200 Port.

1503 2223 1643 2272 Hsv.
1679 2233 1732 2271 et
1768 2222 1954 2287 fragm.
1991 2226 2128 2274 Hav.
2197 2226 2337 2275 Vide
2367 2226 2432 2275 ad
2465 2229 2564 2291 §2

1501 2299 1759 2349 Diceretur
1777 2300 1996 2363 quintum
2016 2301 2165 2350 Leid.
2183 2305 2232 2350 2.
2253 2308 2308 2350 et
2333 2303 2459 2351 ιον.
2485 2308 2532 2351 1.
2635 2309 2639 2313 ’

1554 2376 1621 2425 ‘Is
1655 2377 1710 2425 Τ.
1737 2376 2014 2433 Quinctium
2048 2378 2248 2428 Poenum
2280 2380 2566 2439 magistrum
2594 2420 2605 2440 ,

1498 2454 1707 2517 equilum
1736 2453 1888 2517 dixit]
1919 2454 2141 2504 Pennum
2171 2470 2235 2504 ex
2258 2454 2564 2519 Capitolinis

1496 2530 1774 2595 lapidibus.
1817 2528 1990 2593 Sigon.
2052 2524 2294 2595 Sigonius
2329 2532 2561 2583 indicare

1497 2608 1678 2665 voluit,
1703 2608 1754 2657 iu
1780 2608 1952 2657 Fastis
1977 2608 2257 2671 Capitolin-
2280 2609 2325 2658 si
2356 2612 2562 2672 quaudo

1496 2684 1592 2734 hoc
1616 2698 1801 2734 nomen
1825 2683 2089 2741 obcurrat,
2114 2699 2321 2748 semper
2344 2686 2561 2749 Pennus,

1495 2773 1596 2809 nou
1621 2760 1815 2824 Painus,
1839 2758 2028 2810 scribi:
2063 2775 2166 2810 non
2200 2776 2322 2810 vero
2356 2761 2431 2811 ita
2459 2763 2561 2813 eti-

1496 2852 1578 2886 sm
1601 2837 1748 2901 hujus
1767 2838 1890 2887 snni
1908 2835 2212 2902 'magistrum
2231 2837 2467 2902 equitum
2486 2839 2559 2890 ibi

1494 2912 1763 2978 adpellari.
1831 2915 2016 2964 Lsceri
2040 2915 2174 2964 enim
2198 2921 2320 2964 sunt
2339 2913 2460 2964 fasti
2485 2918 2559 2966 illi

1491 2991 1588 3042 boc
1626 3006 1778 3054 anno,
1802 2992 1876 3041 ita
1912 2999 2087 3042 tamen
2126 2998 2183 3041 ut
2213 3007 2335 3057 pars
2365 3008 2558 3058 cogno·

1490 3069 1684 3119 minum
1737 3069 1968 3133 magistri
2023 3069 2259 3134 equitum
2307 3071 2560 3135 supersit:

1492 3144 1688 3207 Exstat.
1720 3153 1894 3195 autem
1934 3157 2134 3195 rim-ve.
2178 3157 2558 3196 csenommm.
2646 3162 2659 3166 ·

1490 3233 1632 3270 ΒΑΘ.
1665 3234 1759 3275 EQ.
1792 3221 1861 3271 id·
1884 3229 1980 3285 est,
2018 3222 2330 3270 Cincinnatus
2360 3222 2554 3285 Capito-

1488 3298 1630 3347 linus.
1719 3298 1851 3348 Inde
1895 3311 2019 3347 vero
2060 3296 2404 3361 colligendum
2451 3312 2553 3347 nou

1488 3382 1588 3436 est,
1610 3375 1829 3426 Livium·
1847 3382 2003 3440 atque
2037 3381 2276 3424 auctores
2298 3374 2550 3425 fastorum

1488 3453 1795 3515 dissentire3
1829 3453 1921 3502 sed
1950 3455 2139 3517 potius,
2161 3453 2223 3502 T.
2249 3453 2548 3507 Quinctium

1488 3532 1589 3581 tris
1610 3532 1934 3595 cognomina,
1956 3531 1971 3557 ‘
1991 3530 2221 3587 Poenus,'
2257 3532 2340 3580 vel
2379 3532 2393 3558 ⁸
2410 3530 2548 3580 Pen-

1486 3606 1620 3667 nns‚'
1675 3615 1687 3635 ⁸
1715 3605 2099 3668 cincinnum&
2142 3609 2158 3635 ‘
2184 3607 2508 3670 Capitolinus
2530 3606 2545 3629 '

1485 3685 1752 3745 lisbuisse3
1795 3692 1850 3734 et
1883 3684 2088 3750 quidem
2124 3682 2283 3746 priori
2308 3698 2346 3732 a
2380 3685 2548 3749 Livio,

1486 3759 1864 3822 posterioribus
1907 3774 1939 3808 s.
1975 3758 2222 3809 fastorum
2261 3760 2544 3809 conditori-

1486 3836 1580 3887 bus
1618 3838 1937 3902 sdpellatum
1974 3851 2120 3898 esse3
2154 3837 2251 3886 nisi
2284 3838 2456 3900 potius
2493 3838 2545 3887 bi

1480 3915 1915 3978 ipsumomnibus
1943 3915 2044 3965 illis
2069 3915 2234 3965 tribus
2255 3914 2543 3979 sdpellssse

1481 3994 1728 4043 censendi
1762 3994 1884 4054 sint,
1918 4000 1975 4042 et
2010 4007 2112 4042 uon
2150 3993 2303 4042 modo
2341 4007 2543 4057 praeuo·

1479 4084 1595 4119 men
1619 4085 1681 4120 ac
1703 4085 1907 4131 nomen,
1930 4070 2021 4118 sed
2043 4077 2107 4118 et·
2123 4084 2413 4132 cognomen
2439 4071 2539 4132 pti-

1480 4161 1539 4197 us
1555 4162 1670 4195 cum
1686 4155 1833 4210 parte
1845 4147 2061 4196 secundi
2077 4146 2351 4201 interiisse.
2375 4146 2540 4198 Quid-

1477 4223 1603 4288 quid
1632 4230 1731 4288 est,
1762 4223 1817 4274 id
1853 4229 2051 4272 certum
2087 4223 2307 4280 videtur,
2344 4224 2538 4274 Quinc-

1480 4301 1580 4349 tios
1604 4299 1817 4362 Poenos,
1834 4299 1915 4349 vel
1939 4299 2167 4364 Pennos,
2186 4313 2255 4349 ex
2268 4298 2535 4351 Quinctiis
