2934 4925
488 368 665 439 7610

489 529 629 581 bulis
664 529 940 596 descripta
977 538 1169 594 esseut,
1195 545 1403 597 semper
1437 546 1552 582 cam

490 610 797 666 centuriam,
841 625 958 675 quae
1002 608 1184 660 ordine
1228 624 1290 660 ac
1333 622 1554 661 numero

490 689 659 751 prima
680 691 729 738 in
755 689 958 738 tabulas
981 689 1143 738 relata
1166 696 1296 750 erat,
1321 689 1554 752 primam,

489 776 552 813 ac
598 764 841 827 deinceps
882 771 1084 814 ceteras
1123 778 1187 814 eo
1220 765 1404 814 ordine
1445 778 1552 830 qno

487 840 769 906 descripte
784 849 954 905 erant,
971 849 1181 892 vocatas
1198 840 1376 894 fuisse.
1412 844 1549 893 Nam

486 918 622 982 quod
646 917 835 968 deinde
857 926 978 983 post
1000 918 1263 968 inductam
1287 932 1552 984 proeroga-

484 994 642 1044 tivam
668 1006 789 1044 usus
818 996 973 1045 sortis
997 996 1116 1058 fuit,
1150 994 1222 1053 id,
1260 997 1552 1046 tacentibus

484 1070 710 1136 antiquis
725 1073 1090 1136 scriptoribus,
1104 1071 1246 1122 nullo
1262 1073 1385 1122 satis
1403 1072 1552 1122 firmo

480 1154 788 1212 argumento
835 1149 902 1199 ad
956 1149 1207 1199 rationem
1265 1150 1549 1213 superioris

485 1227 737 1288 temporis
772 1226 1099 1276 comitiorum
1122 1227 1550 1291 centuriatorum,

481 1300 629 1363 cujus
664 1307 846 1350 auctor
880 1299 981 1351 fuit
1008 1303 1242 1363 Servius,
1275 1302 1548 1354 transferri

482 1381 678 1438 potest.
746 1376 990 1426 Ceterum
1015 1377 1310 1428 Gronovius
1334 1379 1456 1444 quid
1480 1381 1548 1431 de

479 1449 579 1499 hac
590 1453 925 1502 contentione
935 1454 1148 1504 Grucliii
1160 1456 1418 1520 etSigonii
1431 1472 1548 1507 sen·

484 1528 632 1588 serit,
656 1542 757 1577 non
781 1529 1076 1593 significat}
1110 1537 1163 1580 et
1182 1547 1341 1596 quum
1371 1534 1549 1583 multis

487 1603 553 1652 dc
575 1604 592 1631 ‘
610 1606 746 1655 tribu
767 1605 782 1627 '
804 1613 862 1656 et
884 1613 900 1635 ‘
922 1608 1158 1656 centuria
1175 1609 1552 1672 praerogativa'

482 1687 622 1746 agat.
647 1683 923 1746 omniaque
941 1684 1042 1732 alia
1064 1685 1179 1734 loca
1195 1684 1348 1740 Livii,
1364 1687 1417 1734 in
1434 1686 1549 1751 qni·

483 1758 577 1808 bus
613 1760 693 1809 hae
724 1769 1091 1825 memorantur,
1128 1762 1353 1813 observ.
1382 1777 1459 1813 tv.
1499 1768 1547 1815 1.

477 1836 673 1892 landet,
706 1837 842 1887 hunc
875 1846 931 1886 et
969 1853 1107 1895 eum,
1139 1840 1226 1904 qni
1257 1848 1340 1890 est
1370 1852 1426 1890 x.
1461 1845 1547 1890 22⁴

477 1912 736 1976 praeterit,
755 1928 921 1978 neque
941 1923 1030 1964 aut
1048 1916 1150 1971 hic.
1171 1922 1262 1964 ant
1277 1916 1368 1976 ibi,
1386 1916 1542 1966 ullam

477 1987 784 2039 varietatem
811 1991 1086 2053 scripturas
1107 2005 1137 2038 ο
1156 1990 1301 2039 libris
1322 1991 1427 2040 suis
1450 1992 1543 2040 ad-

478 2071 661 2115 notat:
686 2081 993 2131 quamquam
1013 2082 1080 2117 ex
1099 2082 1181 2124 eo,
1200 2067 1340 2132 qnod
1359 2069 1410 2117 in
1432 2069 1543 2117 ani-⁶

476 2140 840 2191 madversione
864 2143 931 2192 ad
955 2145 1089 2194 hunc
1112 2145 1281 2193 locum
1303 2147 1319 2174 ⁸
1345 2159 1543 2209 praero-

476 2219 679 2281 gativas
698 2218 712 2240 '
747 2220 899 2284 dicit,
925 2220 1104 2285 colligi
1135 2222 1388 2279 videatur,
1423 2236 1542 2272 enm

473 2295 606 2345 hanc
629 2297 941 2361 scripturam
971 2299 1234 2361 probasse.
1299 2298 1408 2348 Pro
1438 2310 1541 2349 cre-

471 2377 557 2420 ant
591 2372 832 2436 Sigonius
867 2388 1073 2438 quoque
1105 2374 1236 2437 legit
1257 2380 1417 2434 creot5
1448 2391 1539 2425 ne-

475 2463 576 2511 que
602 2456 776 2499 tamen
800 2465 854 2499 se
876 2449 975 2499 hoc
1013 2451 1064 2499 in
1102 2448 1247 2500 libris
1273 2452 1540 2502 veteribus

473 2524 738 2576 invenisse
761 2526 909 2576 dicit.
977 2527 1117 2576 Puto
1138 2533 1304 2577 creant
1326 2529 1541 2578 retineri

472 2614 644 2664 posse.
723 2609 739 2633 ⁰
781 2603 1144 2665 Praerogativa
1180 2603 1395 2653 creant'
1428 2605 1540 2654 dic·

472 2685 584 2729 tum
619 2687 719 2737 est,
753 2687 814 2730 nt
849 2681 954 2730 alia
987 2680 1135 2745 hujus
1171 2681 1398 2744 generis,
1423 2697 1541 2747 quas

467 2756 746 2806 collectiva
769 2764 957 2807 vocant
971 2757 1313 2820 grammatici.
1358 2758 1540 2807 Livius

472 2845 637 2885 xxvi.
674 2836 756 2883 22.
789 2840 806 2864 ⁴
830 2833 1002 2885 Quum
1034 2832 1304 2883 centuria’
1345 2847 1538 2898 proero·

469 2911 642 2970 gativa
675 2911 690 2938 ‘
715 2910 961 2974 frequens
985 2909 1375 2972 succlamasset,
1408 2910 1538 2959 nihil

468 2998 526 3033 se
547 2992 746 3036 mutare
765 2988 1062 3050 sententiae,
1085 2986 1396 3051 eosdemque
1414 3000 1534 3036 con-

469 3060 603 3109 sules
625 3061 859 3111 dicturos
883 3061 1030 3111 esse.'
1082 3064 1165 3112 De
1187 3063 1539 3126 praerogativa

469 3137 582 3198 agit
620 3139 776 3188 etiam
815 3140 1179 3203 Pantagathus
1211 3140 1351 3204 apud
1388 3140 1538 3189 Fulv-

469 3214 716 3266 Ursinnm
757 3217 819 3266 ad
864 3219 1000 3267 Livii
1037 3232 1078 3266 ι.
1107 3222 1191 3267 43.
1256 3220 1428 3268 Multa
1462 3218 1536 3267 ibi

469 3291 787 3353 scribuntur,
820 3308 955 3357 quae,
989 3293 1087 3343 etsi
1109 3294 1392 3357 diligenter
1413 3293 1538 3358 legi,

469 3371 644 3416 tamen
667 3368 957 3433 intelligere
983 3384 1082 3417 uon
1106 3370 1270 3432 potui.
1339 3369 1442 3418 Sed
1466 3370 1537 3418 de

468 3444 832 3507 praerogativa,
869 3446 914 3494 si
951 3454 1179 3495 mentem
1218 3446 1355 3495 illius
1391 3456 1535 3496 recte

468 3520 736 3583 perspexi,
792 3522 868 3571 ita
937 3523 1240 3573 existimat:
1304 3523 1536 3574 Primam

466 3595 686 3646 classem
723 3598 1011 3650 obtinuisse
1038 3598 1129 3663 jus
1170 3601 1534 3663 praerogativae

467 3681 592 3722 ante
631 3674 956 3724 immutatum
999 3689 1269 3724 numerum
1305 3678 1534 3726 centuri·

465 3762 611 3799 arum
658 3751 710 3799 in
753 3753 973 3815 singulis
1017 3752 1289 3809 classibus.
1334 3752 1385 3801 id
1430 3761 1529 3816 est,

467 3829 588 3874 ante
631 3828 871 3891 expletas
920 3842 1100 3879 xxxv.
1146 3828 1331 3879 tribus.
1415 3830 1535 3879 Hoc

467 3907 646 3950 autem
686 3905 808 3968 quia
847 3906 1053 3956 demum
1087 3907 1154 3956 A.
1177 3907 1245 3956 U.
1272 3907 1331 3957 C.
1370 3921 1534 3958 mxu.

467 3973 666 4026 factum
705 3989 805 4036 est,
848 3982 1058 4045 quaerit,
1096 3982 1223 4045 quid
1263 3981 1351 4044 sit,
1394 3982 1534 4047 quod

467 4054 584 4102 Liv.
608 4068 664 4104 v.
689 4061 767 4106 18.
792 4066 846 4108 et
872 4072 927 4107 x.
948 4063 1029 4109 22.
1045 4060 1156 4123 jam
1181 4067 1302 4110 ante
1327 4062 1378 4109 id
1404 4067 1536 4110 temo

467 4135 568 4193 pus
608 4139 624 4162 ⁴
667 4137 1023 4197 praerogativa!
1053 4136 1066 4157 '
1096 4144 1154 4186 et
1196 4145 1213 4168 ‘
1249 4136 1412 4187 tribus
1433 4136 1447 4159 ⁹
1479 4139 1534 4187 in

468 4207 695 4256 comitiis
712 4211 1017 4260 centuriatis
1038 4213 1352 4263 mentionem
1373 4212 1533 4264 facit?

466 4286 529 4329 et
571 4284 867 4348 respondet,
914 4286 931 4314 ‘
972 4287 1342 4339 Memorioene’
1396 4290 1532 4340 Livii

1186 386 1404 439 No‘rAE
1453 386 1862 442 VARmRUM
1913 388 1994 443 IN
2077 412 2082 417 ·

1627 541 1644 563 ·
1670 534 1965 601 peccatum,
2004 550 2069 586 an
2107 535 2432 587 librariorum
2455 542 2696 590 erratum

1627 624 1741 661 csse
1761 612 1777 636 ’
1808 614 2077 663 dicemus?
2108 629 2171 665 ac
2217 628 2318 664 non
2358 616 2523 664 multo
2567 618 2698 680 post

1626 702 1741 739 cum
1766 690 1999 741 Gruchio
2032 691 2095 740 ad
2134 692 2395 754 prolepsin
2436 691 2696 743 decurrit·

1626 765 1710 816 An
1736 768 1846 817 haec
1868 768 1997 816 satis
2032 769 2235 818 valeant
2256 767 2320 816 ad
2346 767 2696 817 evertendam

1624 843 1819 905 Sigonii
1857 845 2149 908 opinionem
2186 850 2243 894 et
2281 844 2694 897 controversiam

1626 918 1990 982 definiendam,
2026 921 2242 970 aliorum
2265 919 2583 970 existimatio
2608 932 2694 969 esi

1627 998 1696 1046 to.
1746 995 2036 1046 Gronovius
2059 997 2189 1047 Obs.
2209 1008 2291 1046 tv.
2312 1000 2361 1045 1.
2381 995 2515 1045 hanc
2538 1010 2694 1046 cans*

1625 1085 1732 1122 sam
1776 1073 1962 1122 mutati
2019 1075 2067 1122 in
2120 1072 2343 1122 comitiis
2381 1071 2694 1122 centuriatis

1626 1150 1812 1198 veteris
1847 1150 2042 1199 ordinis
2077 1148 2268 1213 reddit,
2302 1149 2440 1214 quod
2467 1155 2482 1178 ‘
2504 1148 2557 1198 in
2592 1150 2692 1199 ima

1624 1216 1859 1276 mensum
1904 1234 2057 1276 aucta
2110 1235 2227 1277 erat
2278 1225 2560 1275 multitudo
2609 1227 2688 1276 ci-

1625 1301 1817 1363 vium3'
1848 1314 1914 1351 ex
1955 1316 2057 1368 quo
2097 1303 2317 1366 intelligi
2359 1303 2544 1364 voluit,
2575 1309 2687 1353 rem

1624 1378 1690 1427 ob
1713 1379 1842 1428 hanc
1864 1393 2093 1428 caussam
2123 1393 2220 1427 uon
2259 1378 2478 1442 amplius
2514 1391 2576 1426 ea
2607 1390 2691 1427 ra*

1625 1456 1767 1504 tione
1791 1466 1949 1518 atque
1967 1456 2169 1518 ordine,
2187 1455 2336 1518 cnjus
2353 1454 2567 1505 Servius
2592 1466 2690 1511 rex

1625 1538 1805 1580 auctor
1826 1524 2017 1587 fuerat,
2037 1532 2306 1582 commode
2329 1530 2686 1581 administrari

1625 1608 1871 1669 potuisse·
1960 1610 2081 1658 Non
2126 1607 2312 1658 definit
2351 1614 2580 1672 tempus,
2629 1609 2686 1658 in

1624 1686 1759 1749 quod
1785 1686 1917 1735 hanc
1951 1686 2292 1735 mutationem
2318 1684 2562 1735 incidisse
2588 1696 2685 1748 ριν

1624 1766 1734 1823 tet3
1765 1763 1856 1813 sed
1881 1765 1923 1811 si
1946 1778 2128 1814 caussa
2151 1763 2303 1824 illius,
2324 1776 2478 1826 quam
2506 1764 2691 1827 tradit,

1623 1852 1745 1887 vcra
1778 1845 1880 1901 est,
1917 1852 2017 1887 nec
2054 1847 2181 1902 puto
2213 1835 2368 1887 facile
2398 1838 2552 1886 aliam
2577 1838 2685 1888 dici

1621 1925 1793 1978 posse,
1826 1915 1975 1965 simul
2013 1917 2175 1965 tacite
2210 1912 2472 1979 significat
2512 1915 2686 1964 veria-⁵

1621 2005 1727 2040 rem
1763 2006 1878 2041 esse
1901 1994 2212 2041 senteutiam
2251 1991 2470 2054 Sigonii.
2542 1993 2686 2041 Nam

1619 2079 1889 2117 numerum
1919 2068 2108 2117 civium
2149 2075 2269 2132 post
2306 2078 2539 2117 anoxn.
2575 2079 2682 2116 non

1617 2146 1781 2195 multo
1813 2146 2056 2209 majorem
2095 2142 2280 2208 fuisse,
2319 2158 2476 2208 quam
2511 2143 2612 2192 snb
2636 2158 2685 2192 a.

1617 2232 1884 2272 ccccxxx.
1905 2223 2092 2271 scimus
2112 2236 2177 2270 ex
2201 2220 2370 2284 Livio,
2394 2220 2481 2283 qui
2499 2233 2580 2269 lx.
2604 2222 2687 2270 19·-

1616 2307 1797 2347 auctor
1810 2307 1911 2362 est,
1923 2299 2038 2361 ejus
2054 2298 2245 2357 aetatis,
2264 2311 2363 2362 quo
2379 2296 2687 2347 Alexander

1616 2374 1693 2423 M.
1736 2372 1933 2435 floruit,
1970 2375 2057 2439 qui
2112 2374 2252 2422 circa
2305 2386 2493 2421 annum
2527 2368 2684 2423 'hunc

1614 2448 1762 2512 obiit,
1787 2449 1962 2500 lustris
1982 2450 2093 2515 jam
2119 2462 2237 2499 cct-
2268 2447 2431 2497 millia
2451 2449 2682 2513 capitum

1614 2541 1771 2577 censa
1795 2525 1989 2576 fuisse:
2025 2534 2080 2576 at
2105 2533 2224 2591 post
2246 2541 2292 2574 a.
2315 2538 2479 2575 toxn.
2508 2527 2686 2589 paullo

1615 2603 1728 2666 plus
1750 2618 1903 2668 quam
1927 2616 2126 2653 ceux.
2148 2604 2310 2653 millia
2323 2616 2480 2652 censa
2499 2602 2685 2666 fuisse,

1613 2687 1696 2729 est
1734 2679 1787 2727 in
1822 2680 1968 2743 Epit.
1996 2680 2113 2728 Liv.
2150 2679 2243 2729 lib.
2277 2691 2374 2727 xx.
2440 2679 2585 2729 Quin
2625 2685 2684 2729 et

1613 2762 1731 2818 post
1767 2756 1902 2804 hunc
1924 2770 2112 2804 annum
2144 2763 2200 2805 et
2230 2755 2474 2820 expletas
2499 2767 2683 2806 xxxv.

1614 2831 1779 2881 tribus
1814 2832 2078 2897 aliquanto
2111 2833 2382 2893 minorem,
2418 2845 2574 2896 qnam
2595 2847 2682 2882 suo

1613 2907 1902 2971 perioribus
1938 2910 2133 2974 aliquot
2158 2910 2352 2965 lustris,
2385 2906 2550 2959 fuisse
2587 2924 2680 2960 nu-

1611 2998 1807 3035 merum
1831 2986 2045 3049 civium,
2069 2994 2275 3035 constat
2298 3000 2365 3034 ex
2383 2986 2530 3049 Epit.
2552 2986 2680 3036 libb·-

1611 3074 1689 3111 xi.
1704 3075 1835 3112 xm.
1850 3076 1973 3112 xiv.
1990 3069 2176 3111 xvi-et
2189 3073 2355 3111 xvm.
2396 3062 2529 3111 Erat
2552 3075 2680 3126 ergo

1601 3137 1714 3201 jam
1733 3145 1856 3187 aute
1878 3139 2008 3188 satis
2030 3138 2218 3187 idonea
2239 3152 2421 3188 caussa
2443 3145 2680 3189 veterem

1611 3217 1939 3266 comitiorum
1979 3215 2386 3265 centuriatorum
2428 3216 2680 3266 rationem

1610 3291 1863 3343 mutandi.
1896 3293 2000 3343 Sed
2021 3293 2206 3356 etipse
2225 3292 2487 3342 Grnchins
2510 3307 2607 3342 suo
2623 3306 2682 3343 se

1612 3368 1788 3431 gladio
1814 3369 2045 3433 jugulat.
2113 3370 2248 3418 Nam
2283 3382 2441 3433 quum
2479 3368 2548 3417 de
2580 3370 2682 3419 Co·

1610 3445 1721 3494 mit.
1742 3459 1783 3495 1.
1804 3451 1849 3496 2.
1874 3462 1927 3510 p.
1948 3452 2030 3497 27.
2063 3446 2379 3497 ostendisset
2413 3446 2558 3495 bella
2593 3462 2682 3497 co·

1607 3522 1767 3572 mitiis
1802 3521 2108 3573 centuriatis
2135 3523 2286 3587 jussa
2321 3521 2501 3581 fuisse,
2540 3522 2688 3589 quod

1608 3599 1954 3650 certissimum
1993 3607 2099 3663 est3
2138 3600 2301 3650 verba
2333 3600 2472 3649 Livii
2496 3614 2578 3651 vt.
2600 3603 2682 3651 212

1606 3676 1858 3726 ‘'Omues
1916 3678 2081 3726 tribus
2138 3677 2328 3728 bellum
2372 3675 2680 3741 jusserunt:

1608 3763 1724 3816 qnae
1761 3752 1880 3801 huic
1923 3754 2199 3802 sententias
2245 3754 2555 3815 gravissime
2590 3753 2681 3804 sd·

1610 3829 1802 3878 versari
1824 3829 2087 3891 videntur,
2125 3829 2323 3892 duplici
2357 3830 2567 3880 ratione
2590 3845 2680 3881 ex*

1609 3906 1807 3969 plicat3
1843 3906 2009 3967 primo
2046 3906 2062 3934 ⁴
2087 3920 2265 3955 omnes
2307 3905 2515 3956 tribns'
2552 3908 2680 3959 nihil

1609 3981 1747 4040 aliud
1803 3982 2116 4045 significare,
2166 3997 2322 4046 quam
2376 3986 2680 4036 universum

1610 4060 1887 4122 populum3
1919 4058 2113 4108 deiude
2151 4058 2250 4108 hoc
2289 4059 2447 4108 etiam
2489 4076 2555 4109 eo
2599 4077 2680 4112 re·

1606 4133 1730 4184 ferri
1768 4150 1940 4198 posse,
1962 4140 1977 4163 ⁴
2001 4134 2140 4198 quod
2169 4134 2221 4184 in
2243 4136 2557 4186 centuriatis
2591 4151 2679 4189 co·

1607 4211 1762 4259 mitiis
1817 4212 2184 4274 praerogativae
2230 4211 2397 4260 tribus
2451 4220 2512 4263 et
2559 4215 2678 4279 jure

1606 4292 1804 4340 vocata
1834 4286 2151 4354 frequenter
2192 4289 2245 4338 in
2286 4290 2505 4344 historia
2548 4292 2680 4343 Livii
