2934 4925
429 339 606 418 777‘6

430 510 608 560 editis.
640 509 885 561 Ceterum
903 509 1020 574 quis
1030 524 1211 560 sensus
1224 510 1500 572 siteornm,

434 604 549 653 quae
573 588 816 639 Valesius
838 588 903 638 ad
925 587 1059 637 bunc
1084 588 1252 637 locum
1276 588 1496 650 notavit,

431 679 533 714 non
579 665 730 727 plane
771 663 1069 727 adsequor.·
1110 663 1215 712 Per
1258 663 1496 714 nebulam

431 750 608 793 tamen
634 741 811 790 videre
843 740 1042 803 videor,
1075 755 1191 789 eum
1215 753 1318 788 non
1346 740 1495 790 intel·

433 820 642 882 lexisse,
663 818 784 884 quid
808 818 891 873 sit,
908 818 1045 883 quod
1067 819 1084 846 ‘
1101 818 1307 867 comitia
1329 818 1495 867 curia·

432 906 487 948 ta
525 911 632 946 rem
669 897 941 964 militarem
976 895 1282 946 continere’
1317 895 1494 946 dican·

430 983 534 1024 tur.
602 975 768 1024 Immo
804 989 959 1039 quum
996 974 1117 1024 inde
1156 973 1209 1023 id
1245 981 1496 1037 exponat,
1526 1021 1533 1030 ,

430 1051 587 1115 quod,
610 1051 816 1115 quando
853 1051 1072 1115 populus
1113 1050 1302 1100 bellum
1337 1051 1494 1100 comi-

429 1128 515 1177 tiis
550 1128 861 1177 centuriatis
901 1134 990 1176 aut
1028 1126 1234 1176 tributis
1261 1127 1495 1191 juberet,

429 1213 643 1254 senatus
669 1213 844 1254 tamen
878 1204 992 1268 ejus
1017 1204 1092 1254 rei
1116 1211 1355 1254 auctores
1377 1218 1492 1255 esse

430 1283 704 1338 deberent,
737 1280 1015 1330 verisimile
1053 1287 1152 1342 est,
1192 1281 1358 1343 ipsum
1397 1295 1496 1344 per

428 1368 443 1389 ⁸
468 1360 674 1408 comitia
694 1360 892 1408 curiata
908 1357 924 1381 ⁹
961 1359 1297 1421 intellexisse,
1319 1373 1436 1423 quoe
1460 1374 1493 1408 a

429 1443 613 1486 senatu
637 1437 687 1485 in
705 1437 850 1486 curia
864 1436 1213 1486 habebantur.
1248 1450 1350 1500 qno
1366 1435 1494 1485 nibil

430 1514 581 1577 pejus
619 1519 812 1576 potest.
874 1513 1149 1562 Tironibus
1180 1520 1355 1562 notum
1390 1522 1494 1576 est,

426 1590 590 1640 ideo‘
614 1591 829 1642 comitia
852 1590 1056 1641 curiata
1089 1576 1195 1638 rem
1220 1590 1494 1639 militarem

426 1668 729 1731 contineress
755 1669 871 1733 quia
896 1669 972 1717 his
995 1667 1220 1717 comitiis
1243 1666 1349 1716 de’
1336 1681 1494 1730 impe-

427 1746 505 1795 rio
544 1746 756 1796 militari
804 1746 1199 1809 magistratuum
1245 1745 1330 1793 lex
1365 1742 1495 1794 ferri

426 1822 647 1872 solebat.
682 1823 797 1873 Liv.
818 1836 899 1872 ιιι.
925 1826 1007 1871 38.
1040 1829 1055 1852 ‘
1080 1822 1144 1871 Ei
1168 1823 1332 1885 legem
1356 1822 1493 1871 curi-

379 1935 390 1952 ,.
425 1904 564 1947 atam
590 1898 655 1947 de
693 1891 914 1962 imperio'
949 1897 1136 1946 ferenti
1164 1897 1316 1947 triste
1337 1911 1491 1947 omen

424 1974 561 2023 diem
588 1972 798 2031 diffidit,
818 1974 955 2039 quod
990 1973 1183 2023 Faucia
1218 1973 1360 2023 curia
1390 1972 1492 2024 fuit

379 2089 386 2096 .
424 2050 770 2114 principium!
846 2051 1246 2115 Magistratibns
1296 2059 1490 2112 autem,

422 2129 439 2155 ‘
463 2127 506 2176 si
533 2128 698 2189 legem
734 2127 982 2176 curiatam
1017 2142 1119 2178 non
1151 2128 1365 2192 babent,
1397 2131 1488 2192 ad·

423 2203 629 2266 tingere
655 2217 761 2251 rem
788 2204 1062 2252 militarem
1097 2217 1198 2253 non
1235 2204 1397 2269 licet‚'
1429 2212 1489 2256 ut

422 2282 593 2347 inquit
616 2282 725 2332 Cic·
748 2281 901 2331 Orat.
928 2281 1115 2344 Agrar.
1136 2295 1200 2331 ιι.
1225 2286 1304 2331 12.

487 2360 638 2408 Jussu
652 2359 815 2423 pop-ti
836 2359 1067 2407 Camillus
1081 2361 1291 2408 dictator
1305 2365 1485 2410 extem·

416 2436 497 2498 plo
519 2434 780 2498 diceretur]
812 2436 961 2483 Jussu
986 2435 1146 2498 populi
1168 2436 1376 2486 Romani
1399 2451 1486 2486 ve·

421 2519 576 2561 tustae
600 2512 720 2561 edd.
787 2511 861 2561 At
888 2525 1061 2560 vocem
1089 2513 1308 2570 Romani,
1333 2528 1483 2576 qnam

421 2590 593 2640 nullus
618 2588 771 2639 codd.
806 2589 1063 2653 agnoscit,
1092 2589 1287 2653 optime
1322 2590 1486 2641 Aldus

311 2673 332 2683 ”
420 2668 691 2730 expunxit.
756 2668 954 2731 Sponte
996 2667 1131 2716 enirn
1179 2673 1342 2730 patet,
1381 2683 1483 2718 non

417 2745 595 2802 alium,
618 2760 769 2810 quarn
792 2746 1038 2809 populum
1076 2745 1385 2806 Romanum,
1404 2747 1484 2795 in·

420 2821 586 2884 teiligi
613 2836 778 2884 posse.
823 2822 1089 2871 Praeterea
1113 2824 1349 2884 extempio
1366 2822 1486 2872 dict.

418 2898 514 2946 dic.
544 2898 678 2946 Hav.
700 2897 789 2947 sed
813 2898 967 2946 solus.

464 2975 743 3039 Militesque
755 2975 982 3025 habereut
995 2975 1340 3039 imperatorem,
1348 2991 1485 3040 quem

416 3052 615 3115 vellent]
675 3054 761 3102 De
781 3086 786 3090 -
808 3054 1025 3103 Camillo
1068 3055 1482 3119 intelligendum,

418 3141 571 3187 quem
616 3129 859 3177 volebant
902 3129 1111 3185 milites,
1156 3144 1258 3179 non
1302 3129 1479 3183 alium.

417 3202 565 3251 δῖαν.
602 3204 896 3266 Doujatius,
919 3205 1051 3253 hanc
1090 3206 1482 3268 interpretatio·

416 3293 533 3329 nem
555 3280 821 3330 Glareano
842 3281 1238 3345 sublegens‚sed
1266 3283 1482 3349 addens,

416 3371 517 3407 non
540 3360 928 3422 intelligendum
953 3375 1081 3425 esse,
1102 3375 1480 3427 quemcumque

417 3435 517 3498 ipsi
563 3436 757 3497 eligere
805 3437 1013 3493 vellent,
1071 3438 1191 3501 qnia
1237 3439 1482 3489 Camillus

416 3519 431 3540 ⁸
456 3510 687 3562 dictator
713 3521 922 3561 creatus
957 3521 1072 3563 erat
1094 3515 1317 3564 comitiis
1340 3515 1484 3567 habi-

413 3590 520 3646 tis,’
565 3604 666 3640 non
712 3591 953 3642 adtendit
997 3592 1061 3641 ad
1108 3593 1272 3643 verba
1308 3593 1484 3644 finalia

412 3667 561 3731 hujus
601 3668 790 3732 capitis
833 3669 957 3717 ‘lex
993 3670 1194 3718 curiata
1236 3671 1340 3721 lata
1379 3685 1479 3729 est,

414 3743 743 3810 dictatorque
782 3745 968 3795 absens
1003 3745 1210 3810 dictus,'
1249 3763 1362 3813 qum
1399 3763 1480 3799 os-

415 3820 659 3882 tendunt,
674 3822 726 3871 id
745 3823 950 3872 demum
964 3822 1160 3873 factum
1180 3839 1317 3887 esse,
1333 3833 1477 3888 post-

411 3911 570 3959 quam
593 3899 826 3954 nuncius,
849 3900 1063 3949 Romam
1094 3902 1298 3965 missus,
1317 3902 1477 3952 Veios

415 3986 651 4022 reversus
673 3984 826 4023 esset·
890 3976 1080 4041 Neque
1103 3978 1156 4027 in
1175 3978 1477 4041 praeceden-

416 4052 552 4101 tibus
594 4053 752 4101 etiam
796 4052 1007 4111 dicitur,
1051 4056 1325 4106 Camillum
1362 4057 1475 4121 jam
1509 4092 1520 4104 .

374 4170 380 4174 .
413 4129 717 4179 dictatorem
748 4137 980 4179 creatum
1009 4130 1188 4195 fuisse,
1224 4134 1314 4184 sed
1361 4133 1476 4187 tau·

377 4248 382 4271 ς
412 4215 521 4256 ιιιιιι
546 4206 785 4255 nuncium
803 4214 1015 4256 senatus
1037 4208 1304 4260 decretum
1322 4226 1386 4261 ea
1408 4211 1475 4262 de

413 4297 471 4332 re
494 4283 774 4347 accepisse·
829 4283 998 4334 Immo
1020 4283 1204 4339 aufuit
1226 4287 1472 4338 Camillus

1123 365 1340 416 NOTAE
1386 362 1797 415 vammum
1847 363 1929 412 IN

1571 507 1588 537 ⁸
1611 515 1817 558 creatus
1851 504 2136 558 comitiisi’
2185 504 2250 556 In
2290 499 2642 568 precedenti·

1572 586 1668 638 bns
1709 587 1886 636 Livius
1924 586 2172 643 narravit,
2207 592 2419 634 senatus
2456 585 2648 634 decre·

1572 671 1682 713 tum
1719 663 1914 713 factum
1954 677 2081 721 esse,
2126 663 2145 691 ⁴
2168 670 2227 713 ut
2257 662 2408 726 jussu
2457 661 2643 726 populi

1573 740 1820 790 Camillus
1844 739 2073 789 dictator
2108 739 2413 795 diceretur‚’
2433 754 2560 804 non,
2583 745 2643 788 nt

1571 830 1601 864 a
1625 816 1818 880 populo
1852 816 2133 867 diceretur.
2204 817 2478 867 Interdum
2518 831 2644 872 vero

1571 895 1814 958 populum
1839 893 2142 957 designasse
2153 909 2263 958 eos,
2285 894 2447 959 quiet
2470 895 2642 946 dicta·

1571 978 1654 1023 tor
1684 978 1738 1022 et
1772 974 2024 1036 magister
2056 974 2284 1038 equitum
2314 973 2643 1030 dicerentur,

1569 1056 1775 1100 constat
1797 1063 1862 1099 ex
1881 1050 2030 1099 Livio
2058 1063 2241 1100 xxvn.
2261 1056 2310 1101 6.
2345 1052 2362 1078 ‘
2378 1051 2643 1100 Decrevit

1569 1133 1797 1189 senatus,
1856 1126 2035 1176 consui
2098 1128 2343 1190 populum
2402 1135 2640 1191 rogaret,

1569 1217 1721 1267 quem
1741 1203 2048 1254 dictatorem
2067 1203 2170 1254 dici
2196 1205 2456 1268 placeret:
2492 1219 2641 1256 eum·

1568 1295 1689 1344 que,
1709 1295 1859 1344 quem
1884 1283 2106 1346 populus
2136 1282 2400 1346 jussisset,
2426 1284 2640 1333 diceret

1567 1357 1918 1409 dictatorem.'
1984 1359 2056 1408 Et
2103 1365 2317 1423 posteat
2363 1361 2382 1389 ⁴
2417 1360 2640 1411 Tribuni

1569 1435 1736 1498 plebis
1757 1444 2024 1499 rogarunt,
2057 1436 2336 1502 plebesque
2368 1438 2544 1496 scivit,
2579 1445 2639 1489 nt

1570 1512 1638 1564 Q.
1677 1513 1887 1566 Fulvius
1926 1512 2154 1563 dictator
2192 1513 2501 1564 diceretur!
2566 1517 2638 1570 Et

1570 1589 1787 1639 iterumz
1826 1597 1841 1620 ⁸
1863 1590 2102 1653 Veniret,
2128 1590 2452 1657 diceretque,
2477 1607 2636 1656 quem

1570 1666 1789 1728 populns
1813 1665 2072 1730 jussisset,
2101 1666 2428 1718 dictatorem.
2493 1668 2586 1734 Ita
2607 1682 2638 1717 a

1569 1743 1787 1792 Claudio
1821 1745 2032 1795 consule
2067 1745 2135 1797 Q.
2161 1746 2369 1796 Fulvius
2402 1745 2641 1806 dictator

1528 1863 1535 1868 .
1564 1818 1760 1875 dictus,
1781 1827 1838 1870 et
1860 1835 1923 1869 ex
1957 1821 2141 1871 eodem
2178 1822 2457 1887 plebiscito
2480 1829 2539 1872 et
2568 1822 2635 1880 ab

1568 1895 1635 1947 Q·
1659 1897 1840 1947 Fulvio
1863 1898 2125 1949 dictatore
2149 1900 2212 1949 P.
2237 1899 2465 1949 Licinius
2483 1900 2636 1954 Cras·

1565 1988 1653 2023 sus
1678 1975 1914 2039 pontifex
1945 1978 2196 2026 maximus
2219 1977 2468 2041 magister
2488 1976 2636 2042 eqni·

1565 2057 1673 2101 tum
1698 2052 1905 2103 dictus-⁹
1972 2055 2130 2105 Certe
2160 2062 2179 2085 ¹
2201 2069 2484 2119 numquam
2504 2060 2635 2116 ante

1562 2143 1674 2177 eam
1699 2130 1838 2181 diem
1857 2130 1873 2154 ⁹
1893 2131 2202 2182 dictatorem
2221 2147 2251 2182 a
2266 2133 2467 2195 populo
2486 2147 2632 2186 crea·

1563 2211 1670 2255 tum
1695 2221 1827 2271 esse,
1849 2222 1915 2257 ne
1939 2209 2037 2259 hoc
2067 2209 2274 2273 quidem
2306 2208 2517 2259 Camilli
2540 2211 2652 2266 eas

1559 2284 1786 2347 emplum
1835 2286 2122 2348 excipiens,
2174 2292 2400 2334 testatur
2450 2284 2630 2336 Livim

1559 2372 1704 2409 xxu.
1727 2365 1777 2409 8.
1815 2362 2042 2411 Comitia
2058 2362 2216 2426 igitur
2234 2363 2436 2412 curiata
2453 2359 2634 2418 habita

1557 2435 1718 2487 fluisse
1756 2439 2012 2503 intelligo,
2052 2453 2152 2489 non
2188 2446 2247 2490 ιιι
2279 2439 2343 2489 iis
2379 2438 2631 2500 Camillus

1558 2513 1791 2565 dictator
1827 2516 2114 2578 diceretur,
2136 2516 2228 2568 sed
2267 2524 2333 2566 ιιι
2371 2515 2438 2565 ab
2472 2515 2630 2565 exilio

1558 2597 1910 2641 revocaretur.

1624 2666 1806 2717 Eadem
1837 2668 2082 2730 digressus
2110 2669 2309 2719 ιιιιιισίιιο
2348 2669 2505 2720 Veios
2514 2683 2628 2729 oon·

1558 2746 1738 2810 tendit]
1774 2746 2024 2796 Eamdem
2058 2748 2394 2810 sententiam,
2431 2746 2499 2797 de
2537 2761 2627 2804 eo·

1558 2821 1678 2871 dem
1733 2824 1966 2888 loquens,
2018 2823 2284 2888 expressit
2325 2823 2403 2872 bis
2449 2822 2626 2891 verbis

1560 2899 1958 2963 Quadrigarius,
1992 2908 2051 2951 ut
2094 2907 2176 2950 est
2213 2900 2352 2964 apud
2393 2899 2626 2962 Gellium

1555 2989 1701 3026 xvn.
1724 2980 1775 3025 2.
1809 2980 1826 3006 ‘
1851 2975 2156 3039 Comiuins‚'
2173 2977 2356 3042 inquit,
2375 2976 2392 3004 ⁶
2417 2991 2522 3041 qna
2544 2990 2626 3026 as·

1557 3053 1828 3117 cenderat,
1845 3054 2303 3117 descendit‚atqne
2319 3053 2481 3102 verba
2497 3054 2627 3104 Gal·

1554 3132 1617 3180 lis
1631 3130 1778 3181 dedit
1798 3130 1833 3195 ;'
1857 3131 1909 3181 id
1926 3141 2023 3195 est,
2038 3132 2189 3181 latuit
2206 3132 2406 3182 Gallos.
2429 3132 2624 3197 Itaque

1553 3208 1823 3269 aegram,
1868 3223 1972 3258 non
2017 3210 2278 3270 digressas,
2328 3207 2623 3272 legendum.

1556 3287 1722 3339 Quam
1754 3301 1931 3337 vocem
1955 3301 2098 3350 saepe
2119 3287 2457 3350 depravatam
2482 3284 2622 3351 apud

1532 3368 1535 3373 “
1556 3364 1780 3426 Livium,
1803 3377 1946 3428 saepe
1969 3362 2260 3413 ostendam.
2327 3361 2429 3411 Est
2444 3360 2621 3430 antem

1521 3481 1525 3485 .
1555 3439 1841 3504 ‘degredi‚·'
1862 3440 2204 3491 descendere.
2258 3439 2408 3488 Item
2442 3439 2620 3502 legen·

1556 3516 1874 3581 dum-paulo
1913 3524 2030 3580 post
2065 3529 2113 3564 c.
2146 3518 2228 3564 62.
2267 3515 2521 3575 degressus
2560 3528 2619 3577 fs

1553 3608 1678 3644 arce.
1725 3595 1905 3658 Sigon.
1971 3593 2169 3643 Omnes
2211 3591 2394 3653 nostri,
2437 3591 2620 3654 scripti

1554 3677 1611 3720 et
1650 3670 1799 3733 editi,
1851 3669 1905 3719 in
1954 3668 2222 3732 vulgatum
2271 3668 2619 3732 consentiunt.

1553 3748 1741 3797 Verius
1777 3756 1946 3797 tamen
1978 3760 2092 3796 esse
2135 3746 2362 3803 videtur,
2401 3752 2464 3794 nt
2503 3748 2619 3794 cuin

1553 3825 1766 3889 Sigonio
1786 3826 2016 3888 legamus
2030 3826 2296 3885 degressus.
2320 3822 2479 3872 Diod.
2511 3804 2614 3872 Sic.

1552 3901 1642 3950 lib.
1661 3914 1782 3951 xlv.
1808 3915 1860 3964 p.
1882 3905 2002 3950 466.
2023 3899 2075 3947 id
2109 3897 2361 3962 exprimit
2381 3896 2613 3964 καταβὰς,

1547 3975 1668 4045 ᾗπερ
1706 3978 1872 4038 ἀνέβη.
1920 3978 2202 4034 Hearnius‚
2242 3977 2331 4040 qui
2367 3979 2617 4041 degressus

1551 4056 1707 4104 etiam
1730 4054 1911 4117 edidit,
1930 4062 1988 4103 et
2020 4053 2395 4105 emendationis
2416 4052 2614 4117 sigonii

1549 4133 1807 4193 meminit,
1836 4139 2079 4191 attamen-
2101 4130 2171 4180 de
2211 4132 2436 4181 lectione
2473 4130 2618 4191 codi-

1549 4225 1667 4260 cum
1694 4209 2067 4260 oxoniensium
2092 4208 2215 4258 nibil
2239 4207 2451 4272 adjecit.
2487 4208 2610 4267 Plu·

1549 4302 1612 4338 ra
1632 4288 1776 4340 dicta
1807 4294 1929 4339 sunt
1959 4287 2028 4337 ad
2063 4299 2140 4337 ιν.
2165 4289 2245 4337 17.
2275 4288 2304 4351 ξ
2329 4290 2410 4338 11.
2467 4286 2612 4336 Proe·
2668 4344 2677 4353 .
