2934 4925
466 405 641 476 8042

467 569 588 620 dum
613 567 837 620 videtur.
902 564 1128 630 Respice
1169 577 1286 629 quoe
1308 567 1388 614 'eo
1415 563 1533 613 loeo

466 651 733 695 notantur.
822 642 1068 694 Ceterum
1112 641 1163 691 in
1210 642 1329 691 loco
1373 640 1535 703 Fieri,

467 734 619 786 quem
657 718 950 770 Gronovius
994 716 1242 774 laudavit.
1278 715 1532 766 Dukerns

464 795 625 848 subite
645 793 767 845 belia
788 808 853 842 ex
877 793 1007 843 Μαι.
1042 799 1100 843 et
1130 792 1254 842 edd.
1292 799 1423 842 vett.
1458 792 1531 842 le-

464 872 689 935 gendum
706 870 935 934 judicat,
962 879 1018 919 et
1046 869 1204 919 subita
1225 869 1337 919 beai
1360 869 1531 927 aliter,

464 951 623 999 sliter
642 948 801 998 subita
823 948 942 997 bello
965 946 1069 997 diei
1091 947 1283 999 docuit.

532 1025 748 1075 Tertium
783 1026 921 1087 longe
951 1022 1315 1087 vamusim]
1349 1023 1533 1074 Media

426 1111 432 1116 '
464 1117 569 1153 vox
612 1101 761 1151 deest
801 1102 855 1150 iu
890 1100 1114 1151 Gaertn.
1152 1116 1305 1167 quam
1344 1101 1531 1165 reliqui

463 1191 645 1229 omnes
690 1185 834 1228 reete
881 1184 1112 1228 servant.
1190 1179 1339 1242 Saepe
1394 1179 1531 1228 enlin

461 1257 645 1308 Livius
684 1255 744 1305 τὸ
774 1258 915 1319 longe
942 1256 1272 1318 superlativis
1310 1255 1531 1307 addidit.

463 1333 637 1397 Supra
660 1347 726 1384 ιι.
748 1337 831 1383 81.
862 1336 877 1362 ‘
902 1333 1150 1383 Dietstor
1172 1332 1408 1389 Sabinos,
1444 1332 1532 1382 ubi

458 1410 617 1474 longe
640 1409 912 1475 plurimum
946 1408 1069 1459 belli
1107 1407 1300 1469 fuerat,
1338 1406 1532 1471 fundit,

460 1484 738 1552 fugatque,
776 1487 1023 1551 exuitque
1060 1482 1290 1535 eastris?
1324 1489 1531 1535 vrr.26.

462 1562 658 1613 <Inter
699 1559 813 1613 haec
857 1564 1013 1627 longe
1057 1561 1312 1612 maximus
1356 1567 1530 1612 terror

462 1640 710 1691 exstitit.'
743 1653 825 1690 ix.
851 1645 898 1690 1.
949 1646 964 1669 ⁴
996 1639 1259 1689 Samnites
1293 1645 1370 1686 eo·
1393 1643 1530 1688 auno

458 1717 832 1782 imperatorem
879 1716 941 1766 C.
981 1711 1226 1765 Pontium
1269 1711 1530 1766 Herennii

457 1794 621 1845 filium
640 1796 950 1858 habuerunt,
970 1801 1118 1859 patre
1131 1795 1285 1858 longe
1305 1793 1529 1857 pruden-

462 1873 666 1923 tissimo
719 1873 937 1924 ustum.’
1012 1874 1143 1923 Tum
1182 1873 1261 1922 M.
1298 1871 1532 1922 AEmiti'us

459 1965 740 2015 perperam
766 1952 894 2002 Lov-
912 1954 963 2002 4.
1331 1947 1340 1956 “

524 2028 609 2091 §6
650 2028 721 2077 Ut
756 2029 964 2078 nondum
999 2028 1120 2079 satis
1157 2028 1339 2079 claram
1376 2027 1526 2078 victo-

429 2109 434 2115 ”
455 2104 603 2168 rium,
635 2104 705 2153 sic
721 2119 959 2169 prospera
977 2104 1081 2169 spei
1099 2105 1333 2169 pugnam]
1369 2105 1528 2155 Forte

454 2195 682 2243 gnaram,
727 2180 779 2230 id
826 2186 929 2244 est,
974 2185 1195 2230 certam.
1248 2181 1308 2230 T.
1349 2180 1528 2231 Faber.

455 2259 737 2322 Vulgatum
766 2264 978 2307 tuentur
1000 2269 1177 2307 omnes
1199 2256 1355 2307 codd.
1390 2259 1530 2322 quod

460 2340 518 2384 et
541 2334 834 2398 patrocinio
867 2348 961 2383 suo
983 2332 1222 2383 defendit
1243 2334 1531 2385 Burmann.

460 2409 527 2459 ad
570 2410 752 2459 Valer.
810 2410 987 2462 Flsce.
1032 2422 1111 2459 vl.
1157 2412 1274 2459 181.
1332 2410 1531 2463 doeens

457 2487 474 2515 ‘
497 2500 691 2549 guarus
707 2485 722 2507 ’
744 2501 804 2534 eo
829 2500 1004 2543 sensu,
1027 2500 1131 2551 qno
1155 2485 1531 2544 Fabervolnit,

456 2562 610 2624 genio
634 2561 825 2624 linguae
851 2562 1051 2612 Letiuae
1087 2576 1192 2611 non
1217 2564 1535 2628 convenire3

425 2652 428 2657 ·
457 2640 638 2688 claram
681 2645 856 2689 autem
900 2638 1150 2688 victorium
1191 2653 1307 2688 esse
1329 2640 1345 2666 ‘
1368 2641 1526 2690 mani·

455 2713 685 2765 festam!
752 2716 992 2764 ‘Certum
1035 2716 1343 2765 victoriam'
1375 2724 1530 2769 vocat

456 2793 639 2843 Livius⁴
657 2793 754 2842 hoe
776 2792 867 2842 lib.
893 2806 940 2842 c.
960 2797 1009 2842 8.
1045 2793 1062 2821 ‘
1083 2792 1327 2855 Repente
1348 2794 1526 2858 ingen·

425 2862 430 2867 '⁷
454 2867 595 2917 tibus
638 2868 879 2931 procellis
926 2865 1074 2917 fusus
1116 2867 1282 2918 imber
1325 2879 1524 2923 certam

453 2944 619 3006 magis
652 2943 944 3005 victoriam,
981 2958 1131 3006 quam
1156 2946 1419 3010 proelinmj
1447 2947 1527 2997 di-

454 3019 648 3069 remit.’
679 3018 765 3069 Ita
787 3025 802 3047 ‘
824 3021 969 3068 clara
992 3019 1103 3068 dies
1120 3020 1134 3043 '
1155 3029 1234 3069 est
1255 3022 1382 3072 Silio
1399 3023 1524 3075 Ital.

454 3110 536 3146 vr.
558 3100 674 3145 452.
709 3102 724 3126 ⁸
750 3096 982 3145 Vixdum
1019 3097 1157 3147 clara
1193 3097 1304 3147 dies
1327 3114 1525 3150 summa

452 3174 716 3223 histrabat
766 3175 819 3223 in
863 3174 989 3224 OEta
1037 3172 1293 3223 Herculei
1343 3190 1525 3226 monn-

419 3270 432 3293 ι
453 3240 633 3299 menta
655 3248 816 3313 rogit’
850 3264 1002 3313 quam
1038 3249 1054 3279 ‘
1078 3259 1279 3316 certam
1312 3252 1486 3303 lucem
1509 3252 1524 3274 ’

425 3328 432 3335 ‘
455 3331 610 3376 vocat
631 3327 744 3375 Liv.
768 3330 956 3376 rx.·42.
986 3326 1004 3354 ‘
1030 3327 1256 3378 Postero
1280 3329 1385 3394 die,
1411 3331 1522 3380 vix-

453 3403 575 3452 dum
602 3404 718 3453 luce
740 3410 905 3461 certa,
936 3402 1136 3453 deditio
1166 3402 1277 3454 fieri
1312 3407 1522 3471 empta?

454 3479 577 3531 Alio
625 3493 779 3528 seusu
824 3479 1007 3529 ‘clara
1054 3480 1315 3530 victoria’
1359 3484 1520 3548 obpo-
1562 3492 1567 3497 ’

452 3556 594 3606 nitur
620 3557 636 3584 ‘
659 3556 893 3606 obscurae
911 3554 926 3578 '
950 3556 1092 3619 apud
1116 3557 1229 3607 Liv.
1252 3572 1419 3610 xxm.
1438 3564 1519 3612 43.

450 3635 466 3661 ‘
492 3634 784 3684 Cannarum
807 3647 863 3682 se
887 3648 1090 3698 qnoque
1114 3638 1411 3696 memoriam
1430 3638 1520 3688 ob-

452 3725 657 3760 scuram
705 3711 902 3774 majore
942 3715 998 3759 et
1038 3711 1258 3761 clariore
1302 3714 1523 3765 victoria

448 3784 755 3837 facturum.’
823 3786 1029 3836 Deinde
1043 3802 1285 3853 prosperae
1307 3791 1380 3840 rei
1393 3805 1521 3855 pug-

450 3879 561 3914 nam
583 3864 765 3927 priseae
791 3863 914 3914 edd.
938 3879 1032 3927 pro
1057 3881 1160 3929 quo
1183 3866 1351 3917 Aldus
1375 3875 1520 3918 recte

417 3942 551 4005 'spei
573 3940 740 3991 dedit.
805 3940 867 3989 Id
900 3942 1036 3990 euim
1072 3943 1124 3991 in
1163 3945 1400 3994 omnibus
1435 3960 1518 3994 su·

452 4023 631 4082 pet-est
650 4016 898 4081 scriptis:
944 4017 1088 4068 Alibi
1128 4035 1282 4070 voees
1321 4037 1427 4086 spes
1464 4029 1520 4072 et

450 4109 529 4143 res
560 4107 701 4155 saepe
736 4090 1143 4146 confunduntur.
1197 4097 1350 4147 Vide·
1370 4098 1435 4147 ad
1461 4112 1521 4149 V.

452 4174 533 4219 12.
558 4170 587 4232 ᾧ
606 4170 657 4217 4.
707 4167 959 4230 Prosperoe
981 4171 1083 4233 spei
1099 4176 1368 4234 pugnatum
1391 4175 1520 4224 Lov.

451 4252 499 4299 3.
535 4245 720 4296 Paullo
744 4251 865 4293 ante
884 4253 1152 4308 pugnatum
1184 4256 1275 4312 est,
1311 4250 1519 4315 adjecta

448 4324 633 4377 ultima
673 4338 819 4380 voce.
863 4324 989 4376 Lov.
1037 4331 1087 4380 2.
1171 4330 1300 4380 Mox
1344 4331 1516 4382 verbis

1127 413 1380 466 ‘Nom
1428 399 1861 469 vAnronuu'
1891 412 1976 462 m

1613 575 1761 626 seqq.
1784 558 2056 623 diredemz‘t,
2092 571 2189 622 pro
2207 556 2424 621 diremit,
2456 556 2608 608 Harl.
2629 561 2676 608 1.

1610 638 1700 702 qui
1717 638 1792 687 ita
1809 638 1936 687 dnss
1955 636 2230 699 lectiones,
2243 636 2458 701 diremit,
2471 641 2530 685 et
2543 638 2677 685 r'ede·

1607 713 1720 775 mit,
1744 727 1976 763 servasse
1994 713 2219 762 videtur.

1673 794 1703 857 ᾖ
1735 796 1766 842 7
1801 792 1993 843 Latina
2029 791 2237 841 maxime
2274 790 2503 853 legiones,
2534 789 2678 852 longa

1605 870 1832 920 societate
1882 869 2110 919 militium
2163 868 2431 917 Romanam
2479 864 2679 932 edocta]

1609 951 1728 1001 Pal.
1764 954 1813 999 8.
1848 952 2065 1013 longam
2097 948 2340 998 societate.
2371 946 2544 997 Gebh.
2612 946 2677 995 ln

1608 1027 1748 1076 nullo
1802 1025 1918 1075 eod.
1973 1040 2086 1074 eam
2147 1024 2426 1073 lectionem
2486 1022 2675 1073 inveni.

1609 1102 1803 1168 Neque
1841 1102 1997 1151 etiam
2040 1098 2242 1149 Livium
2285 1099 2358 1147 ita
2405 1098 2677 1164 reliquisse

1608 1179 1871 1229 existimo.
1955 1185 1970 1207 ‘
2008 1178 2301 1241 Lougaevns
2325 1174 2340 1197 ’
2384 1173 2539 1226 euim‘
2574 1171 2674 1225 non

1608 1256 1814 1305 memini
1838 1269 1921 1306 me
1949 1254 2230 1305 observare
2254 1254 2309 1304 in
2332 1251 2676 1318 mounmpuiis

1608 1333 1920 1396 scriptorum
1943 1331 2192 1383 orationis
2218 1331 2496 1395 prosaieae,
2532 1338 2677 1381 certe

1607 1421 1709 1457 nou
1735 1410 1824 1473 qui
1847 1408 2046 1472 optimo
2070 1423 2179 1458 aevo
2204 1410 2470 1460 vixerunt.
2517 1407 2675 1472 Apud

1607 1482 1791 1547 poetas
1814 1491 1989 1534 autem
2023 1485 2187 1536 rarius
2223 1485 2289 1534 de
2319 1486 2480 1534 rebus
2510 1483 2678 1536 inani,

1607 1561 1781 1623 matis,
1810 1561 1903 1611 sed
1942 1562 2247 1625 pierumque
2281 1561 2349 1611 de
2382 1562 2677 1616 hominibus

1607 1645 1908 1702 usurpetur:
1941 1639 2154 1701 longai-o
2170 1638 2307 1687 euim
2329 1639 2524 1688 novalia
2540 1635 2674 1703 apud

1605 1714 1784 1764 Valer.
1819 1716 1996 1765 Flacc.
2039 1729 2118 1765 vr.
2162 1719 2275 1765 118.
2340 1714 2577 1766 Gronov.
2616 1711 2675 1766 iu

1603 1790 1787 1855 Logaeu
1823 1779 2011 1842 novalid
2039 1790 2287 1842 mutanda
2309 1791 2510 1849 docuit,
2546 1792 2677 1856 ejus·

1606 1883 1709 1932 que
1749 1869 2110 1932 conjecturam
2156 1867 2253 1918 viri
2295 1867 2443 1918 docti
2487 1869 2676 1932 probs-

1604 1953 1747 2005 runt.
1779 1945 1936 2010 Apud
1955 1945 2188 1997 Martini.
2215 1952 2388 2000 tamen
2415 1946 2432 1974 ‘
2451 1937 2674 2007 lougae'vi

1603 2022 1813 2087 capilli'
1849 2023 2094 2074 dicuntur
2123 2024 2308 2086 Epigr.
2340 2037 2464 2073 xrv.
2497 2026 2585 2073 27.
2620 2023 2671 2073 id

1604 2107 1702 2164 est,
1725 2101 1944 2151 hominis
1968 2100 2189 2164 longaevi
2211 2099 2420 2163 capilli:
2449 2108 2510 2150 ut
2530 2108 2545 2128 ⁶
2563 2100 2672 2150 lou·

1605 2173 1806 2241 gessum
1829 2176 2030 2228 Priami
2056 2175 2246 2240 caput'
2265 2176 2404 2239 apud
2429 2177 2672 2241 Propert.

1603 2254 1687 2319 El.
1722 2267 1798 2303 zv.
1839 2258 1885 2303 1.
1924 2258 2007 2303 62.
2043 2259 2101 2303 et
2128 2254 2404 2314 ‘longaeva
2428 2253 2675 2305 senecta'

1604 2329 1672 2380 de
1698 2332 1927 2381 Nestore
1943 2330 2025 2379 El.
2041 2343 2103 2379 11.
2123 2333 2200 2379 10.
2217 2333 2299 2380 47.
2322 2337 2378 2379 at
2398 2330 2415 2357 ⁸
2435 2330 2674 2395 longaeva

1601 2406 1869 2458 vetustas'
1904 2407 2077 2458 eidem
2115 2407 2352 2457 Martiali
2389 2407 2588 2458 dicitur
2622 2409 2672 2458 iu

1601 2480 1690 2535 lib.
1735 2486 2037 2549 Spectaenl.
2080 2486 2248 2549 epigr.
2292 2500 2342 2535 v,
2393 2492 2411 2515 ‘
2452 2486 2574 2537 Nec
2617 2502 2671 2537 se

1603 2562 1838 2618 miretur,
1886 2563 2082 2619 Caesar,
2125 2564 2365 2623 longaeva
2409 2564 2675 2612 vetustas.⁹

1602 2639 1782 2689 Malim
1821 2640 2003 2704 igitur*
2024 2640 2110 2689 hie
2152 2641 2418 2703 vulgatum
2443 2653 2671 2689 serrare.

1602 2717 1619 2745 ⁴
1656 2718 1837 2780 Longa
1879 2715 2141 2781 sociem&
2173 2725 2232 2769 ut
2276 2716 2293 2743 ‘
2332 2717 2492 2780 longa
2535 2715 2689 2781 pax’·

1603 2794 1740 2858 apud
1764 2794 1948 2845 Silium
1979 2795 2102 2847 Ital.
2135 2807 2201 2844 ιι.
2233 2799 2348 2844 600.
2394 2802 2409 2822 ‘
2436 2800 2670 2858 portant-

1601 2884 1723 2937 que,
1767 2873 2085 2936 trahuntque
2125 2872 2320 2934 Longae
2359 2872 2507 2934 pacis
2546 2886 2670 2935 opes

1601 2948 1919 3014 quaesitaqne
1974 2949 2189 3012 praemia
2243 2949 2450 2998 dextris
2475 2964 2491 2997 ε
2513 2947 2528 2970 ’
2584 2940 2669 2998 ubi

1600 3025 1719 3076 vide
1741 3041 1855 3091 qnae
1877 3027 2069 3078 notavi.
2123 3028 2368 3077 Ceterum
2392 3020 2669 3091 Latineque

1570 3102 1802 3155 'maxime
1834 3105 2044 3167 legiones
2087 3104 2235 3154 Leid.
2271 3108 2327 3154 2.
2357 3110 2415 3153 et
2454 3104 2587 3155 Lov-
2624 3108 2666 3155 1.

1599 3179 1793 3231 Latinoe
1814 3184 2024 3244 legiones
2042 3183 2250 3232 maxime
2265 3183 2424 3231 Voss.
2446 3186 2500 3232 2.
2564 3181 2667 3232 Sed

1603 3269 1699 3305 vox
1721 3260 1930 3307 maxime
1961 3258 2141 3308 deficit
2176 3261 2228 3308 in
2264 3259 2491 3308 Gaertu.
2520 3273 2667 3322 quem

1598 3342 1745 3384 reete
1771 3335 2083 3398 reliquorum
2118 3334 2356 3387 codicum
2382 3349 2667 3385 cousensus

1599 3417 1796 3463 tuetur.
1864 3411 2079 3462 Iudicat
2116 3411 2253 3460 enim
2290 3413 2496 3473 Livius,
2533 3427 2667 3477 prae·

1595 3487 1748 3552 cipue
1776 3487 2009 3550 Latinos,
2045 3502 2107 3537 ac
2139 3487 2301 3551 magis
2335 3503 2496 3552 quam
2520 3489 2668 3545 vnis.

1566 3574 1569 3579 '
1596 3574 1708 3629 cos,
1737 3566 2010 3615 restitisse.

1608 3686 1613 3693 .
1663 3642 1690 3705 §
1725 3645 1757 3693 8
1791 3643 1950 3704 Eques
1972 3641 2200 3690 inmissus
2220 3640 2409 3690 ordines
2431 3641 2665 3704 tur-bonit]

1596 3719 1698 3768 Sed
1720 3733 1852 3781 eques
1873 3718 2098 3768 inmissus
2123 3718 2486 3774 Voss.·ambo.
2521 3717 2664 3768 Leid.

1594 3799 1643 3846 2.
1686 3795 1818 3844 Lov.
1861 3799 1909 3844 1.
1958 3799 2006 3844 3.
2052 3796 2204 3844 Harl.
2248 3799 2294 3844 1.
2338 3794 2568 3845 Gaertn.
2611 3805 2665 3844 et

1594 3870 1781 3936 fragm.
1804 3872 1944 3921 Hav-
1974 3885 2166 3935 sequens
2195 3871 2424 3921 inmissus
2445 3872 2593 3922 Leid.
2617 3876 2662 3920 t.

1560 3970 1565 3973 ·
1595 3963 1710 4014 quae
1752 3949 2012 4013 scriptura
2054 3949 2177 3998 inde
2212 3957 2336 3999 nata
2370 3957 2474 4012 est,
2508 3949 2659 4015 quod,

1568 4026 1909 4090 'quumolim
1952 4040 2047 4089 per
2087 4026 2454 4090 compendium
2500 4027 2657 4089 scrip·

1596 4108 1705 4152 tum
1742 4102 1928 4152 fuisset
1959 4117 2000 4163 ος
2035 4117 2194 4164 eques,
2228 4110 2414 4164 postea
2447 4109 2569 4152 nota
2600 4101 2656 4150 li·

1594 4178 1757 4248 bifarii
1781 4179 2121 4242 neglegentia
2140 4179 2363 4241 omissa,
2397 4185 2452 4228 et
2488 4178 2650 4239 litera,

1594 4270 1711 4319 quae
1749 4256 2002 4312 restabat,
2047 4257 2163 4305 voci
2203 4270 2312 4319 seq.
2346 4256 2535 4319 juncta
2568 4255 2648 4305 sit.

1593 4333 1804 4396 Sequens
1837 4333 1987 4387 imber:
2017 4332 2244 4383 inmissus
2277 4333 2406 4384 Lov-
2443 4337 2492 4385 2.
2521 4337 2579 4382 4.·
2598 4335 2644 4391 5,
