2934 4925
766 375 834 422 T.
888 369 1071 422 mvn
1120 373 1324 423 ms‘r.
1372 373 1518 422 ΜΒ.
1567 375 1667 422 vt.
1715 376 1878 425 cap.
1920 361 1987 427 2.

288 518 438 588 codd.
464 532 641 576 vocem
666 532 769 569 non
803 517 1133 579 inserendam
1164 518 1344 569 existi-

288 612 390 648 mo.
431 597 746 659 ,Utrumque
783 595 1000 659 ‘inpetu
1030 595 1255 660 capere,'
1289 602 1352 645 et

288 674 492 736 ‘primo
530 673 714 735 inpetu
756 672 979 735 capere’
1032 680 1175 723 recte
1218 673 1348 735 dici,

289 748 379 804 sed
398 763 563 811 sensu,
576 746 803 811 differre,
820 749 998 799 docuit
1022 750 1252 801 Gronov.
1279 751 1343 798 ad

291 826 404 876 Liv.
426 840 465 875 1.
492 830 575 875 57.
614 827 713 889 §3.
787 826 1018 889 cepisset,
1054 826 1164 875 sive
1199 825 1346 889 cepis-

288 907 410 960 sent,
445 899 664 965 pra’fert
704 900 889 966 fragm.
912 901 1046 951 Hav.
1081 917 1204 951 am.
1240 917 1345 952 sec.

289 976 375 1026 Ita
395 976 824 1047 distinguendum·
850 975 1006 1035 foret,
1042 994 1148 1028 cum
1188 986 1348 1030 castra

284 1054 439 1117 primo
461 1053 627 1117 inpetu
642 1054 887 1118 cepissent,
916 1056 1121 1104 dictator·
1134 1058 1349 1120 proedom

289 1132 436 1182 militi
455 1133 609 1183 dedit.
669 1133 776 1184 Sed
796 1148 972 1184 omnes
994 1137 1159 1185 ceteri
1195 1137 1349 1187 codd.

289 1211 394 1268 nno
408 1224 665 1261 consensu
689 1219 953 1276 receptam
972 1214 1251 1263 lectionem
1271 1221 1347 1264 tu-

289 1292 461 1343 entur,
521 1287 626 1341 nisi,
661 1287 798 1353 quod
855 1303 1020 1350 caasa,
1077 1302 1172 1353 pro
1225 1304 1347 1348 cum,

292 1363 547 1430 scriptum
582 1363 652 1414 sit
686 1365 739 1414 in
779 1366 970 1414 Lotus.
994 1365 1084 1430 qui
1109 1381 1258 1417 error
1281 1382 1350 1417 ex,

295 1440 634 1505 similitudine
670 1441 1093 1508 compendiorum
1137 1444 1211 1500 cii,
1253 1459 1349 1509 pro

292 1530 472 1578 caussa,
496 1522 554 1565 et
572 1520 653 1572 οὗ,
686 1527 782 1581 pro
802 1531 925 1579 mm,
955 1524 1100 1568 ortus
1122 1526 1223 1570 est.
1285 1519 1349 1569 In

294 1592 718 1656 praecedentibus
764 1595 921 1643 etiam
973 1593 1351 1659 interpunctio-

293 1685 420 1735 ιιιιιιιἰ
440 1672 550 1728 hoc,
578 1672 731 1723 modo
764 1674 1002 1724 mutabat
1039 1674 1166 1724 Ant.
1203 1677 1353 1726 Peri·'

294 1763 408 1801 zon.
450 1750 689 1800 incendio:
706 1751 969 1801 obstinatum
1008 1751 1181 1813 suerat
1223 1752 1355 1816 fusis

296 1825 518 1882 hostibus
538 1828 782 1892 cesisque.
824 1828 983 1884 Quam·
1012 1835 1172 1879 castra
1200 1832 1354 1895 primo

294 1902 458 1968 inpetu
477 1903 695 1967 cepisset.

358 1980 591 2030 Proedam
609 1981 758 2031 militi
772 1982 937 2042 dedit3
959 1989 1059 2046 *quo
1076 1982 1229 2033 minus
1247 1999 1353 2048 spe·

241 2097 250 2106 .
296 2060 474 2121 ratum.
490 2058 685 2109 minime
706 2061 935 2123 largitore
958 2064 1091 2125 duce,
1126 2078 1179 2112 eo
1208 2063 1356 2129 milui

292 2135 579 2206 gratiorem]
603 2137 728 2188 Vct.
749 2138 841 2188 lib.
860 2145 1094 2203 speratam
1114 2156 1144 2190 α
1168 2141 1358 2190 minime

296 2212 528 2278 largitore
560 2216 691 2265 duce.
725 2216 903 2279 Sigon.
934 2253 940 2259 .
970 2218 1188 2267 Intrnsit
1223 2215 1359 2268 hane

297 2288 579 2358 lectionem
597 2292 835 2356 Sigonius
852 2308 881 2343 e
898 2294 1275 2344 sublestissimo
1294 2310 1357 2345 ac

298 2366 593 2418 sacerrimae
607 2367 1025 2433 interpolationis
1038 2372 1237 2420 codice.
1259 2372 1356 2421 Le-

301 2441 523 2506 gendum
545 2445 901 2509 preeuntibus
921 2448 1056 2498 Pall.
1075 2447 1278 2499 duobus
1300 2455 1358 2499 et

304 2520 656 2575 vetustissima
686 2523 770 2573 ed.
798 2526 1012 2587 predam
1045 2525 1193 2575 militi
1226 2527 1358 2576 dedit

298 2610 388 2659 quo
428 2598 587 2646 minus
616 2612 765 2663 sper„
811 2600 1020 2657 minime⁴
1062 2604 1189 2666 larg.
1226 2605 1361 2654 duce.

303 2673 442 2738 Quid
465 2674 519 2723 in
542 2676 765 2738 genuina
797 2676 1025 2728 lectione
1047 2679 1117 2729 sit
1141 2678 1358 2732 difficul-

303 2750 430 2801 tatis
454 2757 612 2817 atque
652 2754 906 2818 caliginis,
933 2757 1124 2806 nescio.
1191 2760 1362 2811 Haesit

305 2834 480 2885 tamen
505 2831 823 2894 Campanus,
863 2833 1034 2898 homo,
1063 2835 1215 2900 cujus
1238 2838 1360 2888 doc-

209 2906 222 2921 ·
305 2904 456 2955 trinae
475 2905 678 2960 vanitas
700 2907 912 2972 ingenii,
936 2924 998 2960 ac
1014 2925 1211 2962 morum
1231 2914 1359 2964 levi-

308 2985 388 3029 tas
411 2981 631 3031 multum
656 2982 893 3047 derogat,
915 2992 973 3036 ut
992 2987 1177 3040 ederet
1201 3000 1361 3041 teme-

307 3056 440 3108 rarie
460 3063 701 3121 speratum
722 3060 915 3112 minime
944 3065 1203 3127 largitione
1230 3070 1363 3119 duce.

311 3133 475 3184 Gebh.
555 3135 1011 3201 Praepositionem,
1047 3141 1111 3192 ab
1148 3143 1364 3207 Sigonio

309 3200 600 3275 adscitam,
624 3212 869 3265 abdicant
907 3217 1168 3270 meliores.
1244 3220 1364 3272 Non

307 3287 648 3353 ‘speratamss
682 3289 870 3357 inquit,
905 3293 999 3342 tali
1030 3294 1366 3363 imperatore,

309 3378 458 3431 quum
484 3365 849 3429 imperatorem
874 3367 1126 3420 baberent
1159 3373 1367 3424 minime

307 3434 629 3516 largitorem,
653 3458 811 3507 quum
836 3445 1051 3500 subtuli
1077 3447 1208 3498 duce
1233 3452 1366 3501 mili-

312 3520 384 3573 tia
406 3526 562 3570 esset.
593 3523 651 3570 J.
674 3522 737 3571 F.
763 3523 917 3574 Gron.
984 3525 1250 3578 Posterius
1277 3533 1367 3580 mi-

311 3596 385 3646 titi
409 3611 504 3661 pro
527 3597 707 3662 spurio
738 3599 1030 3650 babendum
1067 3610 1124 3653 et
1153 3606 1370 3661 eraden-

314 3662 451 3722 dum.
520 3674 682 3724 Certe
724 3689 827 3732 non
872 3678 1074 3741 repetit
1115 3680 1166 3728 in
1213 3682 1369 3733 simili

316 3750 563 3815 periocha-
585 3763 644 3800 x.
667 3755 751 3802 46.
786 3754 801 3781 ‘
820 3752 1081 3806 Militibus
1104 3771 1169 3806 ex
1193 3758 1386 3821 praeda

316 3833 564 3875 centenos
589 3826 737 3876 binos
760 3841 921 3890 asses,
937 3838 993 3879 et
1014 3831 1235 3882 alterum
1260 3842 1370 3887 tan

317 3908 420 3952 tum
457 3904 851 3957 centurionibus
901 3911 1059 3972 atque
1105 3909 1367 3972 equitibus

315 3978 667 4044 (malignitate
698 3981 915 4045 collegae
953 3985 1152 4046 gratius
1177 3987 1372 4051 accipi·

320 4056 524 4106 entibus
559 4056 768 4122 munus)
813 4056 1028 4108 divisit?
1061 4060 1175 4111 Jac.
1220 4062 1373 4112 Gron-

319 4132 371 4181 Si
392 4133 475 4183 hic
498 4133 817 4185 eradendum
835 4141 916 4187 est
935 4137 1191 4197 posterius
1210 4138 1376 4202 militi,

324 4218 494 4271 quaero
514 4223 610 4256 cnr
631 4223 677 4256 c.
694 4212 742 4259 1.
789 4210 955 4272 princ.
973 4223 1074 4259 non
1099 4227 1278 4275 passus
1294 4212 1375 4264 fu·

326 4281 422 4338 erit
443 4298 475 4337 a
489 4281 713 4355 ‘Muroto
743 4284 905 4342 deleri
925 4284 984 4340 τὸ
1001 4287 1180 4347 urbem.
1199 4296 1251 4342 et
1275 4291 1394 4361 alia*

2298 362 2487 428 785⁷:

1417 533 1625 584 qnoque
1658 520 1806 584 hujus
1845 520 2048 585 generis
2089 519 2145 570 in
2179 520 2329 570 Livio
2356 535 2481 572 esse.

1419 595 1697 646 ostendat?
1730 598 1868 647 Duk.
1960 598 2392 662 Praepositionem
2425 615 2485 660 af

1419 675 1570 737 quam
1595 674 1834 736 Sigonius
1857 674 2077 733 addidit,
2118 690 2181 724 ex
2217 674 2342 725 meis
2381 691 2481 737 εις-Ι

1419 761 1638 801 noscunt
1657 752 1804 801 Harl.
1819 756 1868 801 2.
1890 753 2040 802 Port.
2061 752 2196 801 Har.
2215 760 2270 802 et
2287 750 2473 816 fragm.

1421 826 1561 877 Hav.
1585 842 1617 876 a
1640 844 1706 877 m.
1728 828 1911 877 altera.
1973 829 2123 879 Idem
2146 828 2214 877 de
2233 830 2335 878 suis
2357 842 2487 891 pro-v
2586 835 2595 842 ⁴

1417 901 1597 953 fitetur
1619 903 1852 955 Hearne.
1916 904 2018 954 Sed
2044 905 2330 954 dissensum
2366 912 2471 953 tes-

1422 987 1600 1029 tantur
1618 981 1771 1030 Voss.
1795 980 1962 1038 ambo,
1985 981 2130 1030 Leid.
2154 981 2325 1042 ambo,
2346 982 2476 1031 Lov-

1421 1057 1669 1121 quinque,
1688 1055 1838 1106 Harl.
1860 1060 1908 1104 1.
1923 1062 1977 1106 et
1998 1053 2185 1118 fragm.
2205 1054 2384 1106 Hasna
2405 1072 2475 1105 ιιι.

1421 1150 1503 1199 pr.
1549 1149 1764 1198 quorum
1807 1147 1962 1198 quum
2002 1133 2155 1197 longe
2194 1134 2358 1197 major
2402 1137 2475 1184 sit

1423 1212 1732 1273 auctoritas,
1752 1210 1817 1260 τὸ,
1831 1226 1878 1269 α,
1898 1210 2033 1276 quod
2059 1211 2337 1275 displicere
2370 1219 2474 1261 tes-

1422 1287 1524 1337 tati
1549 1287 1642 1336 viri
1673 1286 1815 1337 docti
1838 1296 2009 1337 tamen
2041 1287 2094 1336 in
2117 1293 2367 1337 contextu
2386 1289 2484 1339 Li..

1422 1366 1576 1414 viano
1596 1365 1941 1430 retinuerunt.
1958 1364 2079 1413 inde
2101 1364 2254 1429 ejeci.
2300 1366 2476 1415 Voces

1421 1458 1453 1492 a
1472 1444 1666 1492 minime
1687 1442 1904 1492 deerant
1927 1443 1979 1491 in
1999 1442 2218 1493 Gaertn.
2250 1444 2485 1506 largior-ef

1423 1534 1518 1584 pro
1541 1519 1790 1582 largitore,
1805 1520 1957 1571 estin
1974 1519 2102 1570 Lov.
2119 1524 2171 1569 2.
2188 1523 2240 1569 Δ.
2260 1525 2311 1569 6.
2343 1520 2491 1574 (ῐοιι-ι

1423 1597 1675 1651 tramittit·
1711 1596 1986 1659 posteriori
2021 1597 2135 1645 loco
2167 1596 2476 1647 servandum

1423 1679 1570 1736 puto,
1591 1671 1708 1737 qnia
1732 1686 1831 1721 vox
1857 1672 1950 1722 illa
1970 1680 2206 1737 superest
2230 1675 2279 1721 in
2311 1674 2476 1722 omni·

1426 1748 1521 1798 bus
1543 1750 1675 1799 Mss.
1740 1749 1949 1813 Neque,
1974 1749 2101 1799 licet
2138 1748 2261 1799 alibi
2296 1748 2477 1798 Livium

1426 1840 1541 1877 eam
1576 1841 1681 1877 non
1714 1826 2009 1890 repetierit,
2052 1825 2170 1877 ideo
2201 1827 2354 1875 etiam
2394 1827 2482 1876 hic

1425 1902 1504 1953 ita
1526 1903 1730 1954 locutus
1766 1917 1880 1952 esse
1917 1902 2121 1952 censeri
2160 1902 2351 1964 debet,
2381 1903 2489 1952 ini·

1427 1995 1587 2044 quum
1611 1982 1748 2029 enim
1773 1978 1932 2041 foret,
1953 1979 1997 2028 si
2018 1980 2182 2042 ipsum
2199 1979 2389 2044 ubique
2403 1980 2477 2029 ei-

1428 2057 1545 2107 dem
1570 2056 1814 2122 loquendi
1834 2054 2013 2107 formoe
2030 2055 2352 2119 adstringere
2374 2057 2482 2106 vel·

1426 2134 1608 2184 lemus.
1674 2133 1812 2186 Quin
1851 2141 1909 2192 et
1940 2132 2055 2184 loco
2076 2147 2107 2181 a
2137 2131 2255 2182 Jac.
2279 2132 2485 2184 Grono-

1430 2213 1514 2262 vio
1570 2210 1778 2261 laudato
1831 2215 2075 2274 repetere
2140 2222 2246 2260 non
2291 2210 2480 2272 potuit.

1430 2290 1565 2340 Nam
1603 2287 1938 2351 accipientibus
1970 2300 2072 2344 non
2101 2285 2240 2334 solos
2270 2286 2484 2344 milites,

1429 2367 1522 2417 sed
1544 2367 1875 2417 centuriones
1899 2364 2056 2415 etiam
2090 2369 2248 2429 atque
2285 2363 2497 2428 equites.

1431 2444 1660 2509 respicit.
1726 2427 1929 2493 Livium
1967 2448 2139 2492 autem
2181 2437 2487 2506 frequenter

1431 2536 1602 2576 voces,
1625 2535 1740 2585 quae
1767 2523 2163 2583 praecesserunt,
2195 2518 2490 2581 repetiisse,

1436 2598 1655 2648 vidimus
1678 2597 1743 2646 ad
1768 2611 1807 2647 1.
1832 2599 1880 2645 3.
1902 2598 1929 2660 ξ
1950 2599 2000 2644 9.
2066 2593 2312 2645 Ceterum
2350 2610 2490 2658 supe·

1434 2681 1610 2739 rotam,
1634 2689 1726 2739 pro
1746 2678 2003 2738 speratum,
2040 2684 2141 2723 una
2179 2670 2332 2720 litera
2370 2686 2488 2735 per-

1436 2766 1615 2816 peram
1636 2750 1954 2810 abundante,
1973 2746 2121 2797 dedit
2142 2745 2317 2810 spriba
2337 2747 2491 2799 Port.

1437 2846 1470 2881 a
1491 2844 1560 2879 ιιι.
1584 2844 1663 2894 pr.
1731 2827 1870 2879 Alibi
1905 2825 1989 2879 ita.
2021 2824 2089 2874 in.
2117 2823 2245 2872 Μαι.
2278 2825 2498 2888 peccari.

1432 2909 1583 2957 solet.
1669 2905 1806 2954 Vide
1840 2905 2148 2954 Bersmann.
2181 2899 2246 2951 ad
2286 2901 2489 2951 Lucani

1435 2997 1514 3033 w.
1537 2986 1655 3033 796.
1681 2989 1736 3031 et
1760 2980 1881 3030 Nic.
1908 2977 2177 3028 Heinsium
2201 2977 2266 3027 ad
2285 2978 2484 3027 Nason.

1436 3060 1557 3110 Art.
1586 3059 1763 3109 Amat.
1798 3070 1838 3105 ι.
1876 3059 1992 3105 343.
2059 3053 2213 3104 Adde
2245 3067 2362 3118 quae
2396 3067 2491 3103 no-

1438 3143 1616 3188 tantur
1637 3151 1718 3189 lv.
1741 3140 1823 3187 49.
1847 3138 1874 3200 §
1897 3139 1947 3186 5.

1504 3217 1531 3279 ξ
1570 3218 1628 3264 13
1687 3213 1968 3263 Pan-secutus
2019 3211 2189 3261 deinde
2225 3211 2499 3273 fagientes,-

1439 3307 1580 3356 qtntm
1602 3305 1784 3341 omnem
1816 3290 2049 3341 Volscam.
2064 3287 2259 3351 amam]
2296 3289 2497 3337 Percus-

1439 3370 1522 3419 sus
1541 3371 1714 3420 deinde
1731 3368 1868 3419 Hav.
1917 3371 2192 3430 prosecutus
2215 3365 2339 3414 editi
2372 3372 2499 3414 ante

1442 3447 1655 3510 Aldum,
1668 3446 1755 3511 qui
1776 3449 2048 3510 persecutas
2066 3442 2355 3502 substituit,
2373 3454 2496 3490 con-

1444 3523 1792 3573 sentientibus
1863 3520 1976 3569 aliis
2039 3517 2277 3567 omnibus
2343 3515 2497 3567 codd.

1443 3600 1578 3649 Vide
1618 3598 1682 3648 ad
1721 3597 1864 3660 Epit.
1901 3595 2012 3644 Liv.
2037 3592 2125 3644 lib.
2151 3605 2306 3643 xcix·
2366 3592 2495 3642 Tum

1443 3693 1583 3741 quun·
1629 3675 1837 3725 omnium
1890 3669 2106 3723 Volscam
2144 3684 2314 3732 agrum
2358 3669 2497 3719 idem

1447 3753 1587 3804 Hav.
1663 3767 1800 3817 quom
1852 3763 2033 3798 oannem
2101 3745 2261 3797 Volsci
2327 3759 2501 3811 ogram

1444 3833 1669 3883 Gaertn.
1722 3827 1869 3894 quasi
1922 3825 1939 3853 ‘
1961 3821 2232 3875 Volscus’
2279 3822 2369 3873 iiie
2401 3837 2501 3888 pro

1442 3905 1696 3958 ‘Volsci’
1729 3916 1944 3954 numero
1982 3899 2168 3965 plurali
2203 3900 2371 3964 accipi
2410 3899 2505 3949 de-

1443 3985 1615 4042 beret,
1648 3989 1711 4032 ut
1740 3983 1757 4011 ⁸
1776 3975 2073 4041 Romanus,’
2097 3991 2194 4040 pro
2216 3977 2233 4005 ‘
2252 3977 2507 4028 Romani!

1447 4058 1586 4110 Vide
1605 4060 1672 4110 ad
1696 4072 1786 4108 ιιι.
1808 4062 1857 4108 2.
1890 4057 1916 4120 β
1941 4060 2022 4105 11.
2088 4054 2211 4107 Sed
2231 4054 2317 4102 alii
2350 4053 2503 4103 codd.

1450 4139 1717 4202 vulgatum
1762 4143 1907 4186 reete
1938 4130 2179 4197 probant.
2218 4124 2254 4159 ‘⁸
2280 4130 2503 4181 Volscus

1450 4213 1613 4277 ager‚’
1637 4219 1693 4262 ut
1717 4222 1779 4262 ιι.
1793 4216 1875 4262 59.
1895 4218 1910 4240 ‘
1933 4211 2010 4260 Ut
2031 4214 2208 4257 castra
2223 4219 2291 4254 ex
2312 4206 2507 4255 Volsco

1454 4304 1581 4357 agro
1603 4294 1902 4341 moveantur
1919 4285 1954 4338 ι’
1971 4283 2061 4337 ubi
2073 4284 2191 4335 vide
2208 4281 2314 4335 alla
2331 4298 2346 4333 z
2365 4280 2383 4333 ⁴,
2399 4295 2506 4332 om·
