2934 4925
502 425 677 493 7692

499 584 713 640 vellent,
752 589 888 634 teste
920 584 1106 634 Paullo
1139 581 1461 633 warnefridi
1499 581 1563 632 de

500 659 653 709 Gest.
685 659 1009 721 Langobard.
1045 674 1109 709 11.
1134 665 1184 708 6.
1220 659 1330 721 ubi,
1368 660 1566 722 pariter

498 736 714 785 verbum
751 737 766 765 ‘
793 736 1006 786 inlicere
1028 735 1043 759 ’
1073 735 1342 797 adhibens,
1377 734 1567 799 inquit,

500 819 514 840 ⁴
536 813 801 875 Simulque
836 812 1142 862 multimoda
1175 826 1440 876 pomorum
1476 824 1564 873 ge-

498 902 641 952 nera,
665 889 982 954 aliarumque
1007 904 1178 938 rerum
1202 888 1424 953 species,
1441 902 1564 952 qua·

499 978 609 1013 rum
633 963 789 1014 ltalia
812 962 960 1014 ferax
982 973 1079 1021 est,
1105 965 1287 1022 mittit,
1308 972 1566 1028 quatenus

495 1054 673 1090 eorum
711 1041 774 1090 ad
812 1041 1121 1091 veniendum
1158 1041 1354 1090 animos
1391 1049 1566 1104 posset

494 1116 744 1167 inlicere-⁹
800 1119 871 1168 Et
888 1119 985 1167 hoe
1005 1118 1174 1168 animo
1189 1118 1345 1167 etiam
1366 1116 1564 1166 Moises

496 1193 921 1256 speculatoribus
957 1193 1254 1251 mandabat,
1292 1201 1350 1242 ut
1386 1191 1565 1256 fruges

498 1269 796 1319 Palaestinae
821 1284 995 1323 secum
1025 1268 1314 1332 adferrent,
1336 1269 1428 1318 lib.
1450 1269 1563 1318 Nu·

497 1357 628 1393 mer.
651 1357 698 1392 c.
726 1348 807 1394 13.
881 1390 889 1397 .

559 1417 799 1471 Aruntem
835 1421 1085 1472 Clusinum
1113 1422 1192 1471 ira
1217 1426 1453 1486 corrupta
1474 1436 1564 1470 ux-

493 1494 592 1544 oris
623 1495 682 1545 ub
714 1496 998 1557 Lucumone,
1029 1499 1107 1547 cui
1138 1501 1269 1547 tutor
1300 1498 1343 1547 is
1364 1496 1562 1560 fuerat]

493 1573 678 1623 Sermo
713 1581 795 1622 est
830 1574 1166 1624 relationibus
1197 1575 1325 1624 satis
1346 1572 1563 1637 impedi-

495 1655 596 1698 tus.
660 1650 1009 1701 Lucumonem
1034 1651 1368 1715 intelligimus
1392 1650 1564 1699 uxoris

495 1730 723 1775 tutorem
747 1724 931 1787 fuisse,
955 1734 1045 1777 aut
1070 1726 1319 1789 Aruntis3
1351 1740 1452 1775 non
1475 1740 1562 1774 nu·

494 1809 601 1853 tem
624 1802 874 1853 Aruntem
904 1805 1235 1854 Lucumonis.
1296 1803 1449 1855 Hunc
1474 1816 1563 1852 au·

491 1887 600 1927 tem
639 1881 833 1943 repetit
879 1881 1074 1944 Livius,
1109 1879 1245 1945 quod
1290 1878 1565 1929 videbatur

491 1956 698 2017 lougius
741 1956 1086 2020 hyperbaton.
1134 1957 1275 2014 Glur.
1342 1956 1562 2005 Glarea-

492 2044 588 2080 nus
612 2031 878 2093 intelligit,
902 2032 1250 2081 Lucumonem
1278 2039 1370 2081 aut
1398 2033 1564 2082 Arun-

496 2107 557 2167 ti,
579 2113 670 2156 aut
704 2108 854 2156 uxori
887 2106 1107 2158 Aruntis
1133 2107 1197 2158 ab
1219 2122 1276 2157 se
1297 2116 1563 2173 corruptae

495 2188 720 2232 tutorem
765 2182 948 2246 fuisse,
987 2199 1105 2234 cum
1153 2193 1326 2235 tamen
1372 2185 1564 2235 intelli-

496 2259 719 2320 gendum
756 2261 844 2322 sit,
871 2261 1159 2311 Lucumoni
1194 2261 1448 2313 Aruntem
1485 2268 1566 2312 tu·

495 2341 662 2384 torem
701 2350 861 2398 puero
886 2334 1066 2387 fuisse.
1128 2336 1194 2391 Id
1219 2339 1352 2387 euim
1380 2343 1566 2400 aperte

497 2413 682 2463 scribit
707 2414 1015 2466 Plutarchus
1038 2413 1092 2464 in
1116 2415 1336 2482 Camillo
1358 2415 1435 2465 his
1454 2428 1566 2464 ver·

495 2491 576 2540 bis
600 2495 653 2555 p·
672 2496 779 2542 135.
810 2490 993 2555 Ἀῥρων
1009 2491 1240 2555 Τυρῥηνὸς
1261 2492 1378 2555 ἀνὴρ
1398 2493 1568 2554 drm-

499 2570 583 2627 νὴς
612 2566 672 2627 ἦν
705 2566 954 2633 ἐπίτροπος
984 2567 1151 2619 παιδὸς
1177 2568 1396 2632 ὀρφανοῦ,
1414 2566 1565 2617 πλού-

495 2647 623 2707 τῷτε
653 2644 842 2709 πρώτον
871 2648 968 2695 τῶν
989 2649 1217 2704 πολιτῶν,
1238 2645 1316 2695 καὶ
1339 2642 1564 2706 θαυμαζο·

493 2720 637 2781 μένου
650 2721 755 2772 κατ’
774 2720 895 2772 εἶδος
913 2722 1258 2784 Λουκούμωνος.
1303 2725 1371 2773 Et
1390 2723 1566 2785 paullo

495 2807 614 2862 post
652 2814 702 2862 p.
728 2802 840 2848 136.
891 2795 1043 2849 Οὗτος
1061 2798 1218 2849 πολὺν
1234 2796 1412 2864 χρόνον
1429 2796 1566 2848 ἑλόν·

497 2878 608 2924 θανε
640 2876 921 2940 διεφθαρκὼς
953 2875 1099 2925 αὐτοῦ
1126 2876 1219 2936 τὴν
1247 2877 1465 2938 γυναῖκα,
1487 2874 1567 2925 καὶ

493 2950 824 3015 διεφθαρμένος
862 2952 935 3001 ὑπ’
971 2951 1169 3012 ἐκείνης.
1208 2954 1247 3017 [⁶
1274 2953 1566 3003 Glareanus

494 3027 773 3090 dubitavit,
796 3036 852 3077 et
881 3029 1094 3092 Sigonio
1119 3044 1293 3078 ansam
1318 3027 1465 3077 dedit
1490 3028 1565 3077 in·

494 3103 750 3166 quirendi.
834 3103 938 3153 Sed
978 3106 1117 3153 nulla
1155 3104 1292 3168 apud
1329 3119 1446 3153 eum
1481 3110 1565 3153 est

494 3179 781 3241 gratiarum
800 3179 999 3243 actio.']
1031 3181 1201 3243 Sigon.
1242 3181 1566 3231 AbLucuiei-

494 3269 582 3304 one
600 3266 845 3319 corrupte
867 3257 999 3306 Hav.
1015 3271 1046 3305 u
1060 3257 1329 3306 Lucumone
1343 3256 1565 3307 Gaertn.

494 3331 557 3381 ab
574 3332 814 3382 Luculoue
835 3330 963 3381 Lov.
986 3336 1037 3382 δ’.
1060 3347 1091 3381 a
1114 3347 1182 3380 m.
1206 3346 1286 3395 pr.

564 3409 660 3457 Cui
692 3414 821 3459 tutor
849 3409 896 3456 is
915 3409 1112 3468 fuerat.-
1144 3410 1245 3472 ipro
1274 3413 1567 3471 praepotente

481 3483 683 3547 Juvene]
716 3483 994 3548 Sequenda
1019 3484 1215 3533 vetusti
1235 3484 1352 3533 libri
1385 3484 1567 3547 lectio,

494 3561 673 3625 sicque
691 3558 1057 3623 distinguenda
1073 3560 1364 3609 sententia:
1395 3560 1475 3609 cui
1490 3566 1565 3610 tu·

492 3642 570 3686 tor
595 3637 642 3685 is
660 3636 832 3696 fuerat
851 3637 970 3700 ipse,
999 3651 1152 3700 proep.
1173 3637 1364 3698 juvene.
1397 3637 1567 3686 Rhen.

497 3713 651 3775 Cuius
681 3719 813 3762 tutor
835 3712 981 3763 Leid.
1005 3718 1055 3762 2.
1106 3713 1268 3764 Male.
1332 3713 1502 3777 Supra
1529 3724 1569 3762 ι.

492 3794 577 3842 84.
617 3789 632 3816 ‘
650 3790 926 3839 Postremo
951 3796 1095 3838 tutor
1112 3790 1269 3838 etiam
1290 3789 1466 3839 liberis
1487 3803 1563 3843 re·

492 3867 574 3928 gis
600 3872 917 3914 testamento
942 3860 1334 3917 institueretur?
1403 3866 1562 3915 Dein·

494 3939 561 3988 de
597 3944 727 3989 tutor
748 3941 850 4002 ipse
868 3939 1040 3998 fuerat
1062 3940 1107 3989 is
1129 3941 1230 4003 ipse
1262 3941 1398 3989 Flor.
1460 3939 1563 3989 Sed

492 4025 638 4065 recte
680 4016 955 4065 Rhenanus
995 4021 1126 4065 tutor
1164 4017 1210 4065 is
1240 4016 1410 4077 suerat
1446 4016 1566 4080 ipse,

493 4097 698 4140 mutata
741 4092 897 4139 etiam
937 4091 1293 4142 distinctione.
1376 4094 1448 4143 Et
1491 4095 1566 4143 ita

497 4172 709 4216 servant
736 4166 890 4215 Voss.
916 4170 963 4214 l.
996 4167 1142 4216 Leid.
1167 4172 1215 4217 1.
1251 4169 1403 4219 Harl.
1429 4176 1477 4220 1.
1509 4178 1564 4220 et

493 4239 684 4304 fragm.
710 4241 848 4294 Hav.
917 4240 1065 4291 Idem
1092 4244 1249 4292 etiam
1274 4245 1489 4294 Hearne
1511 4246 1563 4295 in

497 4316 880 4374 oxoniensibus
915 4318 1180 4369 iuvenisse
1216 4319 1442 4386 videtur,
1475 4322 1562 4386 qui

1198 438 1416 489 No‘rAE
1466 437 1876 488 vammum
1930 440 2008 488 IN

1639 581 1879 632 similiter
1910 582 2099 645 edidit,
2122 586 2178 632 et
2210 580 2400 631 nullius
2424 586 2599 631 tamen
2623 595 2708 633 eo.

1639 673 1751 708 rum
1790 660 2078 710 dissensum
2113 659 2333 708 notavit.
2399 660 2482 708 De
2516 672 2706 722 prono-

1640 737 1859 786 minibus
1908 746 1924 768 ‘
1952 737 1996 786 is
2041 735 2188 800 ipse’
2229 735 2430 800 junctis
2476 736 2597 784 vide
2640 736 2705 786 ad

1640 817 1911 862 xxviiuz.
1937 814 1964 877 §
1987 817 2038 862 7.
2105 813 2376 861 Praeterea
2406 817 2710 875 proeponente

1626 888 1802 948 juvene
1826 903 2101 953 perperam
2131 887 2280 937 Leid.
2302 892 2349 936 1.

1702 967 1773 1015 Et
1800 982 1831 1016 u
1868 981 1957 1030 quo
1988 966 2148 1030 expeti
2178 980 2343 1028 ponite,
2372 965 2469 1013 nisi
2504 969 2707 1014 externa

1637 1041 1711 1091 nis
1743 1043 1946 1105 quesita
1978 1047 2118 1102 esset,
2143 1041 2414 1106 nequirent]
2449 1040 2706 1089 Voculam

1638 1122 1687 1169 et
1722 1119 1929 1182 ignorat
1971 1118 2194 1169 Gaertu.
2277 1115 2485 1165 Deinde
2524 1116 2586 1165 ab
2619 1132 2707 1179 quo

1640 1194 1791 1243 Port.
1814 1208 1876 1243 ex
1894 1209 1985 1257 quo
2006 1194 2144 1243 Hav.
2209 1192 2337 1241 'l'um
2359 1191 2523 1254 expeti
2552 1206 2704 1254 poene,

1636 1269 1718 1329 ᾃο.
1736 1269 1950 1332 nequiret
1970 1268 2190 1318 Gaertn.
2210 1273 2264 1317 et
2294 1267 2433 1316 Hav.
2466 1281 2606 1329 poena
2627 1281 2706 1316 ne·

1636 1344 1793 1407 quiret
1812 1341 1999 1407 fragm.
2025 1343 2163 1394 Hav.
2186 1358 2217 1391 a
2240 1358 2306 1392 m.
2330 1356 2410 1405 pr.
2445 1340 2706 1407 ‘Denique

1637 1419 1734 1468 nisi
1753 1421 1830 1468 vis
1847 1424 2049 1468 externa
2076 1419 2234 1482 petita
2261 1423 2385 1467 esset
2405 1417 2555 1465 Harl.
2579 1420 2630 1464 2.
2652 1423 2706 1468 et

1639 1495 1779 1546 flav.
1811 1493 1861 1545 αὖ
1887 1501 2085 1545 externa
2116 1495 2191 1543 vis
2212 1494 2410 1558 quaesitu
2431 1499 2557 1543 esset
2578 1494 2705 1543 [ιον.

1639 1571 1851 1622 2.·Vide
1874 1572 1937 1621 ad
1963 1584 2040 1620 rx.
2066 1576 2114 1619 6.
2139 1572 2166 1635 ς
2187 1575 2236 1620 8.

1705 1651 1733 1713 ξ
1765 1654 1797 1699 4
1830 1649 1979 1698 Hunc
2001 1647 2353 1698 transeuntibus
2372 1646 2520 1708 Alpes
2539 1646 2710 1694 ducein

1639 1731 1963 1790 auctoremque
1982 1725 2195 1774 Clusium
2212 1722 2512 1786 obpugnandi
2525 1721 2712 1785 fnisse]

1643 1805 1789 1853 Hunc
1811 1807 2131 1853 transeuntem
2150 1801 2296 1862 Alpes
2318 1803 2497 1860 ducem,
2516 1802 2603 1860 ξε.
2622 1799 2709 1858 su-

1637 1879 1733 1928 isse
1758 1879 1905 1928 Harl.
1929 1883 1978 1927 2.
2036 1876 2237 1925 Deinde
2264 1875 2509 1925 Clusinum
2528 1874 2707 1936 obpug-

1635 1956 1788 2005 nandi
1808 1956 1934 2004 Lov.
1959 1957 2009 2002 3.
2029 1961 2082 2003 et
2109 1952 2254 2002 Leid.
2278 1956 2329 2000 2.
2397 1951 2566 2002 Notat
2596 1950 2709 2014 qui·

1639 2031 1760 2081 dem
1785 2031 2015 2092 Hearne,
2036 2030 2285 2079 Clusinum
2305 2040 2509 2093 quoque
2533 2026 2710 2075 vocari

1640 2108 1779 2172 apud
1818 2108 2060 2158 Orosium
2090 2119 2151 2156 11.
2179 2110 2258 2155 19.
2322 2101 2427 2152 Sed
2458 2100 2600 2150 forte
2636 2101 2708 2150 ibi

1640 2185 1877 2235 similiter
1896 2183 2056 2233 urbem
2082 2181 2255 2244 Cincii,
2272 2195 2377 2244 quoe
2391 2193 2517 2228 nune
2535 2177 2711 2227 Tuscia

1638 2263 1836 2316 dicitur.
1858 2259 2149 2324 legendum.

1725 2337 1961 2401 Equidem
2006 2335 2136 2384 houd
2181 2333 2445 2394 abnuerim,
2493 2333 2712 2383 Clusium

1640 2415 1814 2465 Gallos
1854 2413 1916 2463 ab
1956 2411 2168 2473 Auente,
2205 2425 2285 2462 eeu
2322 2425 2413 2473 quo
2448 2411 2545 2459 ulio
2593 2411 2711 2460 Clu-

1636 2491 1744 2541 sino
1778 2487 2029 2552 adductos]
2078 2489 2145 2537 Et
2180 2489 2370 2551 quidem
2401 2488 2528 2540 baud
2560 2488 2711 2539 abnn-

1639 2568 1759 2617 erim
1800 2568 1927 2617 Lov.
1965 2570 2016 2616 2.
2052 2573 2109 2616 et
2146 2564 2369 2614 Gaertn.
2434 2565 2573 2613 Vide
2601 2564 2712 2624 ,boc

1639 2641 1730 2694 lib.
1766 2642 1833 2693 ad
1867 2659 1914 2692 e.
1950 2648 2034 2692 64.
2061 2644 2093 2707 §
2126 2646 2176 2691 8.
2240 2641 2476 2705 Equidem
2506 2656 2596 2690 nec
2626 2641 2710 2691 ub-

1639 2720 1825 2769 nuerim
1859 2720 1985 2767 Lov.
2007 2722 2059 2769 3.
2091 2724 2149 2768 et
2180 2715 2333 2767 Voss.
2359 2722 2410 2767 2.
2475 2718 2711 2782 Equidem

1640 2795 1884 2846 abnuerim
1917 2795 2055 2844 Hav.
2087 2794 2320 2849 finuerim,
2351 2794 2402 2842 id
2440 2803 2524 2842 est
2555 2809 2708 2844 annn-

1638 2873 1777 2933 erim,
1798 2871 1985 2935 fragm.
2003 2871 2141 2921 Hav.
2190 2870 2313 2919 Alia
2332 2870 2483 2933 hujus
2507 2870 2711 2933 peccati

1641 2949 1883 3012 exempla
1917 2946 2038 2997 vide
2071 2946 2135 2995 ad
2162 2958 2364 2996 xxxvi.
2387 2950 2469 2997 84.
2491 2950 2522 3012 §
2544 2952 2595 2996 6.
2628 2947 2710 2997 ab·
2747 2977 2756 2986 ι

1639 3026 1873 3076 numerim
1921 3024 2070 3074 Harl.
2106 3028 2153 3073 1.
2232 3023 2315 3073 An
2360 3021 2499 3073 forte
2536 3025 2711 3075 scriba

1640 3118 1784 3153 more
1818 3101 2036 3166 antiquo
2066 3100 2194 3148 dare
2228 3100 2387 3148 voluit
2421 3100 2712 3165 abnuverim,

1641 3180 1825 3229 eadem
1847 3176 2016 3227 forma
2040 3191 2141 3241 qua
2170 3175 2325 3239 pluvit
2346 3176 2634 3240 saepissime
2658 3178 2709 3226 in

1641 3254 1852 3319 scriptis
1888 3253 2120 3303 Liviauis
2154 3251 2364 3301 obvium
2389 3252 2508 3301 est?
2574 3253 2711 3302 Vide

1640 3321 1704 3381 ad
1733 3346 1770 3382 ι.
1792 3335 1875 3381 sl.
1899 3332 1928 3394 ς
1952 3335 1999 3380 1.
2062 3329 2260 3379 Similia
2282 3329 2385 3379 alia
2418 3331 2708 3392 praesertim

1641 3406 1779 3472 apud
1816 3406 1997 3471 poetas
2027 3404 2409 3469 antiquissimos
2429 3406 2603 3465 obvia,
2624 3407 2710 3470 qui

1641 3486 1845 3535 literam
1868 3485 2002 3533 banc
2023 3499 2054 3532 ο
2076 3483 2501 3547 interponebant,
2528 3490 2586 3533 ut
2608 3485 2711 3547 syl-

1640 3560 1811 3611 labam
1829 3559 2039 3608 brevem
2057 3559 2556 3622 producerent,vide
2571 3559 2709 3624 apud

1640 3637 1897 3687 Merulam
1952 3636 2016 3685 ad
2062 3638 2216 3686 Ennii
2260 3636 2448 3700 fragm.
2497 3652 2551 3701 p.
2593 3641 2710 3687 163.

1639 3713 1865 3772 Deinde,
1904 3713 2131 3776 trajecta
2165 3728 2292 3764 voce
2327 3714 2515 3775 Gallos,
2551 3714 2710 3766 clasi-

1637 3804 1720 3838 um
1760 3789 1821 3837 ab
1855 3788 2063 3851 Arunte,
2097 3803 2180 3839 eeu
2221 3804 2312 3853 quo
2351 3789 2446 3839 ulio
2494 3790 2711 3845 Clusino,

1641 3865 1808 3914 Gallos
1827 3866 2055 3914 adductos
2081 3865 2225 3915 Harl.
2248 3870 2302 3915 2.
2319 3866 2472 3915 Port.
2491 3873 2547 3915 et
2570 3866 2704 3918 HaV.

1638 3942 1770 3991 Tum
1818 3940 1878 3989 ab
1915 3943 2131 3991 Arrunte
2174 3943 2312 3991 Flor.
2349 3943 2499 3991 Voss.
2538 3941 2710 4002 ambo,

1638 4018 1791 4068 Leid.
1849 4017 2020 4086 ambo,
2072 4019 2203 4067 Lov.
2252 4021 2300 4067 1.
2343 4021 2393 4066 8.
2448 4018 2604 4069 Port.
2655 4023 2710 4066 et

1639 4094 1860 4144 Gaertu.
1928 4092 2063 4142 Vide
2103 4092 2168 4141 ad
2201 4095 2230 4159 ς
2266 4093 2496 4157 praeced.
2562 4094 2707 4144 1²1·ae-

1639 4176 1789 4219 terea
1819 4184 1905 4219 seu
1937 4168 2102 4232 quovis
2132 4169 2228 4218 ulio
2256 4169 2389 4217 Lov.
2410 4171 2460 4218 4.
2487 4168 2638 4217 Harl.
2656 4171 2704 4216 2.

1641 4247 1793 4296 Port.
1831 4254 1886 4295 et
1929 4245 2169 4295 Hearniii
2212 4245 2383 4295 Oxou.
2420 4244 2482 4295 C.
2548 4245 2703 4295 Male.

1638 4322 1774 4372 Vide
1805 4323 1906 4374 boc
1943 4323 2034 4373 lib.
2069 4322 2135 4372 ad
2174 4337 2224 4373 c.
2260 4326 2338 4371 13.
2374 4324 2405 4386 ς
2435 4326 2485 4374 4.
2553 4321 2704 4378 Deui-
