<?xml version="1.0" encoding="UTF-8"?>
<!DOCTYPE html PUBLIC "-//W3C//DTD XHTML 1.0 Transitional//EN"
    "http://www.w3.org/TR/xhtml1/DTD/xhtml1-transitional.dtd">
<html xmlns="http://www.w3.org/1999/xhtml" xml:lang="en" lang="en">
 <head>
  <title>
</title>
<meta http-equiv="Content-Type" content="text/html;charset=utf-8" />
  <meta name='ocr-system' content='tesseract 3.04.00' />
  <meta name='ocr-capabilities' content='ocr_page ocr_carea ocr_par ocr_line ocrx_word'/>
</head>
<body>
  <div class='ocr_page' id='page_1' title='image "./tliviipatavinih12unkngoog_0414.png"; bbox 0 0 2934 4925; ppageno 0'>
   <div class='ocr_carea' id='block_1_1' title="bbox 417 402 594 468">
    <p class='ocr_par' dir='ltr' id='par_1_1' title="bbox 417 402 594 468">
     <span class='ocr_line' id='line_1_1' title="bbox 417 402 594 468; baseline 0 0"><span class='ocrx_word' id='word_1_1' title='bbox 417 402 594 468; x_wconf 75' lang='lat'><strong>7920</strong></span> 
     </span>
    </p>
   </div>
   <div class='ocr_carea' id='block_1_2' title="bbox 416 561 1509 3613">
    <p class='ocr_par' dir='ltr' id='par_1_2' title="bbox 424 561 836 614">
     <span class='ocr_line' id='line_1_2' title="bbox 424 561 836 614; baseline -0.017 0"><span class='ocrx_word' id='word_1_2' title='bbox 424 561 618 614; x_wconf 70' lang='lat' dir='ltr'>Videbis</span> <span class='ocrx_word' id='word_1_3' title='bbox 639 562 769 610; x_wconf 81' lang='lat' dir='ltr'>Lov.</span> <span class='ocrx_word' id='word_1_4' title='bbox 785 561 836 608; x_wconf 79' lang='lat'>4.</span> 
     </span>
    </p>

    <p class='ocr_par' dir='ltr' id='par_1_3' title="bbox 416 631 1500 2611">
     <span class='ocr_line' id='line_1_3' title="bbox 489 631 1491 697; baseline -0.006 -9"><span class='ocrx_word' id='word_1_5' title='bbox 489 638 606 687; x_wconf 62' lang='lat' dir='ltr'>Rois</span> <span class='ocrx_word' id='word_1_6' title='bbox 658 641 889 686; x_wconf 71' lang='lat' dir='ltr'>terrorem</span> <span class='ocrx_word' id='word_1_7' title='bbox 937 636 1197 697; x_wconf 70' lang='lat' dir='ltr'>equestrem</span> <span class='ocrx_word' id='word_1_8' title='bbox 1248 631 1491 695; x_wconf 67' lang='lat' dir='ltr'>occupatis</span> 
     </span>
     <span class='ocr_line' id='line_1_4' title="bbox 416 709 1487 774; baseline -0.007 -10"><span class='ocrx_word' id='word_1_9' title='bbox 416 715 513 764; x_wconf 78' lang='lat' dir='ltr'>ulio</span> <span class='ocrx_word' id='word_1_10' title='bbox 533 715 690 764; x_wconf 79' lang='lat' dir='ltr'>labore</span> <span class='ocrx_word' id='word_1_11' title='bbox 708 711 857 774; x_wconf 57' lang='lat' dir='ltr'>inser]</span> <span class='ocrx_word' id='word_1_12' title='bbox 891 710 998 760; x_wconf 87' lang='lat' dir='ltr'>Pro</span> <span class='ocrx_word' id='word_1_13' title='bbox 1019 709 1193 765; x_wconf 77' lang='lat' dir='ltr'>labore,</span> <span class='ocrx_word' id='word_1_14' title='bbox 1209 710 1381 759; x_wconf 86' lang='lat' dir='ltr'>scribe</span> <span class='ocrx_word' id='word_1_15' title='bbox 1399 724 1487 773; x_wconf 81' lang='lat' dir='ltr'>pu-</span> 
     </span>
     <span class='ocr_line' id='line_1_5' title="bbox 417 786 1488 843; baseline -0.004 -3"><span class='ocrx_word' id='word_1_16' title='bbox 417 803 547 842; x_wconf 74' lang='lat' dir='ltr'>eors.</span> <span class='ocrx_word' id='word_1_17' title='bbox 584 790 775 840; x_wconf 84' lang='lat' dir='ltr'>Sensus</span> <span class='ocrx_word' id='word_1_18' title='bbox 792 793 892 843; x_wconf 85' lang='lat' dir='ltr'>est,</span> <span class='ocrx_word' id='word_1_19' title='bbox 911 787 1119 836; x_wconf 85' lang='lat' dir='ltr'>territos</span> <span class='ocrx_word' id='word_1_20' title='bbox 1137 786 1305 836; x_wconf 81' lang='lat' dir='ltr'>adime</span> <span class='ocrx_word' id='word_1_21' title='bbox 1322 793 1488 836; x_wconf 86' lang='lat' dir='ltr'>terre.</span> 
     </span>
     <span class='ocr_line' id='line_1_6' title="bbox 421 862 1488 917; baseline -0.004 0"><span class='ocrx_word' id='word_1_22' title='bbox 421 867 578 917; x_wconf 67' lang='lat' dir='ltr'>Rhea.</span> <span class='ocrx_word' id='word_1_23' title='bbox 647 866 704 916; x_wconf 91' lang='lat' dir='ltr'>Si</span> <span class='ocrx_word' id='word_1_24' title='bbox 736 866 813 915; x_wconf 89' lang='lat' dir='ltr'>ita</span> <span class='ocrx_word' id='word_1_25' title='bbox 843 864 1120 913; x_wconf 76' lang='lat' dir='ltr'><strong>Rhenanus</strong></span> <span class='ocrx_word' id='word_1_26' title='bbox 1147 877 1213 912; x_wconf 86' lang='lat' dir='ltr'>ex</span> <span class='ocrx_word' id='word_1_27' title='bbox 1247 862 1363 913; x_wconf 88' lang='lat' dir='ltr'>cod.</span> <span class='ocrx_word' id='word_1_28' title='bbox 1392 877 1488 913; x_wconf 81' lang='lat' dir='ltr'>suo</span> 
     </span>
     <span class='ocr_line' id='line_1_7' title="bbox 419 938 1491 1004; baseline -0.003 -13"><span class='ocrx_word' id='word_1_29' title='bbox 419 940 737 1001; x_wconf 77' lang='lat' dir='ltr'>emendavit,</span> <span class='ocrx_word' id='word_1_30' title='bbox 768 954 870 990; x_wconf 89' lang='lat' dir='ltr'>non</span> <span class='ocrx_word' id='word_1_31' title='bbox 902 938 1194 1002; x_wconf 72' lang='lat' dir='ltr'>intercedo,</span> <span class='ocrx_word' id='word_1_32' title='bbox 1217 939 1350 1004; x_wconf 89' lang='lat' dir='ltr'>quin·</span> <span class='ocrx_word' id='word_1_33' title='bbox 1374 938 1491 989; x_wconf 63' lang='lat' dir='ltr'>hnc</span> 
     </span>
     <span class='ocr_line' id='line_1_8' title="bbox 417 1016 1487 1082; baseline -0.003 -14"><span class='ocrx_word' id='word_1_34' title='bbox 417 1019 582 1068; x_wconf 67' lang='lat' dir='ltr'>{ectio</span> <span class='ocrx_word' id='word_1_35' title='bbox 606 1017 913 1082; x_wconf 77' lang='lat' dir='ltr'><strong>recipiatur.</strong></span> <span class='ocrx_word' id='word_1_36' title='bbox 982 1018 1110 1066; x_wconf 81' lang='lat' dir='ltr'>Eam</span> <span class='ocrx_word' id='word_1_37' title='bbox 1129 1016 1265 1066; x_wconf 88' lang='lat' dir='ltr'>enim</span> <span class='ocrx_word' id='word_1_38' title='bbox 1289 1024 1344 1066; x_wconf 96' lang='lat' dir='ltr'>et</span> <span class='ocrx_word' id='word_1_39' title='bbox 1367 1017 1487 1065; x_wconf 85' lang='lat' dir='ltr'>Flo-</span> 
     </span>
     <span class='ocr_line' id='line_1_9' title="bbox 420 1090 1487 1157; baseline -0.003 -13"><span class='ocrx_word' id='word_1_40' title='bbox 420 1100 559 1145; x_wconf 86' lang='lat' dir='ltr'>rent.</span> <span class='ocrx_word' id='word_1_41' title='bbox 581 1094 830 1157; x_wconf 86' lang='lat' dir='ltr'>probasse</span> <span class='ocrx_word' id='word_1_42' title='bbox 848 1093 1076 1145; x_wconf 80' lang='lat' dir='ltr'>videtur.</span> <span class='ocrx_word' id='word_1_43' title='bbox 1114 1091 1197 1142; x_wconf 80' lang='lat' dir='ltr'>Its</span> <span class='ocrx_word' id='word_1_44' title='bbox 1212 1090 1324 1141; x_wconf 82' lang='lat' dir='ltr'>fere</span> <span class='ocrx_word' id='word_1_45' title='bbox 1344 1104 1385 1141; x_wconf 86' lang='grc' dir='ltr'>ι.</span> <span class='ocrx_word' id='word_1_46' title='bbox 1405 1095 1487 1143; x_wconf 75' lang='lat'>1⁴.</span> 
     </span>
     <span class='ocr_line' id='line_1_10' title="bbox 418 1169 1487 1221; baseline -0.004 -1"><span class='ocrx_word' id='word_1_47' title='bbox 418 1169 635 1221; x_wconf 86' lang='lat' dir='ltr'>‘Subito</span> <span class='ocrx_word' id='word_1_48' title='bbox 675 1169 844 1220; x_wconf 78' lang='lat' dir='ltr'>exorti</span> <span class='ocrx_word' id='word_1_49' title='bbox 887 1169 1106 1220; x_wconf 84' lang='lat' dir='ltr'>Romani</span> <span class='ocrx_word' id='word_1_50' title='bbox 1141 1174 1487 1218; x_wconf 86' lang='lat' dir='ltr'>transversam</span> 
     </span>
     <span class='ocr_line' id='line_1_11' title="bbox 419 1243 1490 1297; baseline -0.003 -1"><span class='ocrx_word' id='word_1_51' title='bbox 419 1247 677 1297; x_wconf 81' lang='lat' dir='ltr'>invadunt</span> <span class='ocrx_word' id='word_1_52' title='bbox 719 1246 944 1297; x_wconf 80' lang='lat' dir='ltr'>hostium</span> <span class='ocrx_word' id='word_1_53' title='bbox 991 1247 1177 1296; x_wconf 80' lang='lat' dir='ltr'>aciem.</span> <span class='ocrx_word' id='word_1_54' title='bbox 1269 1243 1490 1297; x_wconf 77' lang='lat' dir='ltr'>Addunt</span> 
     </span>
     <span class='ocr_line' id='line_1_12' title="bbox 422 1320 1491 1384; baseline -0.001 -14"><span class='ocrx_word' id='word_1_55' title='bbox 422 1334 669 1384; x_wconf 79' lang='lat' dir='ltr'>pavorem</span> <span class='ocrx_word' id='word_1_56' title='bbox 693 1328 835 1371; x_wconf 90' lang='lat' dir='ltr'>mota</span> <span class='ocrx_word' id='word_1_57' title='bbox 858 1336 890 1370; x_wconf 90' lang='lat' dir='ltr'>e</span> <span class='ocrx_word' id='word_1_58' title='bbox 910 1321 1095 1372; x_wconf 83' lang='lat' dir='ltr'>castris</span> <span class='ocrx_word' id='word_1_59' title='bbox 1115 1320 1265 1384; x_wconf 80' lang='lat' dir='ltr'>signa</span> <span class='ocrx_word' id='word_1_60' title='bbox 1291 1334 1491 1383; x_wconf 88' lang='lat' dir='ltr'>eornm,</span> 
     </span>
     <span class='ocr_line' id='line_1_13' title="bbox 424 1396 1488 1461; baseline 0 -16"><span class='ocrx_word' id='word_1_61' title='bbox 424 1397 512 1461; x_wconf 77' lang='lat' dir='ltr'>qni</span> <span class='ocrx_word' id='word_1_62' title='bbox 533 1397 585 1445; x_wconf 91' lang='lat' dir='ltr'>in</span> <span class='ocrx_word' id='word_1_63' title='bbox 611 1397 856 1461; x_wconf 62' lang='lat' dir='ltr'>presidio</span> <span class='ocrx_word' id='word_1_64' title='bbox 875 1397 1045 1447; x_wconf 85' lang='lat' dir='ltr'>relicti</span> <span class='ocrx_word' id='word_1_65' title='bbox 1066 1403 1244 1447; x_wconf 81' lang='lat' dir='ltr'>erant:</span> <span class='ocrx_word' id='word_1_66' title='bbox 1267 1396 1341 1446; x_wconf 87' lang='lat' dir='ltr'>ita</span> <span class='ocrx_word' id='word_1_67' title='bbox 1357 1397 1488 1446; x_wconf 88' lang='lat' dir='ltr'>mul·</span> 
     </span>
     <span class='ocr_line' id='line_1_14' title="bbox 422 1470 1492 1538; baseline -0.003 -13"><span class='ocrx_word' id='word_1_68' title='bbox 422 1474 588 1538; x_wconf 87' lang='lat' dir='ltr'>tiplici</span> <span class='ocrx_word' id='word_1_69' title='bbox 636 1481 838 1524; x_wconf 86' lang='lat' dir='ltr'>terrore</span> <span class='ocrx_word' id='word_1_70' title='bbox 889 1474 1113 1538; x_wconf 82' lang='lat' dir='ltr'>perculsi</span> <span class='ocrx_word' id='word_1_71' title='bbox 1170 1470 1492 1524; x_wconf 68' lang='lat' dir='ltr'>Fidenates!</span> 
     </span>
     <span class='ocr_line' id='line_1_15' title="bbox 424 1550 1491 1601; baseline -0.002 0"><span class='ocrx_word' id='word_1_72' title='bbox 424 1550 644 1601; x_wconf 86' lang='lat' dir='ltr'>Interim</span> <span class='ocrx_word' id='word_1_73' title='bbox 691 1556 869 1601; x_wconf 89' lang='lat' dir='ltr'>tamen</span> <span class='ocrx_word' id='word_1_74' title='bbox 921 1551 1018 1601; x_wconf 75' lang='lat' dir='ltr'>ulio</span> <span class='ocrx_word' id='word_1_75' title='bbox 1066 1550 1228 1601; x_wconf 75' lang='lat' dir='ltr'>labore</span> <span class='ocrx_word' id='word_1_76' title='bbox 1279 1556 1491 1600; x_wconf 80' lang='lat' dir='ltr'>servant</span> 
     </span>
     <span class='ocr_line' id='line_1_16' title="bbox 422 1627 1494 1693; baseline 0 -17"><span class='ocrx_word' id='word_1_77' title='bbox 422 1628 576 1677; x_wconf 87' lang='lat' dir='ltr'>Voss.</span> <span class='ocrx_word' id='word_1_78' title='bbox 616 1635 859 1693; x_wconf 87' lang='lat' dir='ltr'>uterque,</span> <span class='ocrx_word' id='word_1_79' title='bbox 894 1627 1042 1679; x_wconf 86' lang='lat' dir='ltr'>Leid.</span> <span class='ocrx_word' id='word_1_80' title='bbox 1082 1634 1324 1692; x_wconf 88' lang='lat' dir='ltr'>uterque,</span> <span class='ocrx_word' id='word_1_81' title='bbox 1365 1627 1494 1677; x_wconf 79' lang='lat' dir='ltr'>Lov.</span> 
     </span>
     <span class='ocr_line' id='line_1_17' title="bbox 423 1704 1495 1770; baseline 0 -17"><span class='ocrx_word' id='word_1_82' title='bbox 423 1706 672 1769; x_wconf 77' lang='lat' dir='ltr'>quinque,</span> <span class='ocrx_word' id='word_1_83' title='bbox 687 1705 838 1755; x_wconf 84' lang='lat' dir='ltr'>Harl.</span> <span class='ocrx_word' id='word_1_84' title='bbox 851 1711 1092 1770; x_wconf 85' lang='lat' dir='ltr'>uterque,</span> <span class='ocrx_word' id='word_1_85' title='bbox 1105 1704 1326 1755; x_wconf 82' lang='lat' dir='ltr'>Gaertn.</span> <span class='ocrx_word' id='word_1_86' title='bbox 1339 1705 1495 1754; x_wconf 76' lang='lat' dir='ltr'>Port-</span> 
     </span>
     <span class='ocr_line' id='line_1_18' title="bbox 425 1779 1493 1845; baseline -0.003 -12"><span class='ocrx_word' id='word_1_87' title='bbox 425 1781 567 1833; x_wconf 80' lang='lat' dir='ltr'>Hav.</span> <span class='ocrx_word' id='word_1_88' title='bbox 588 1779 776 1844; x_wconf 81' lang='lat' dir='ltr'>fragm.</span> <span class='ocrx_word' id='word_1_89' title='bbox 802 1780 941 1832; x_wconf 81' lang='lat' dir='ltr'>Hav.</span> <span class='ocrx_word' id='word_1_90' title='bbox 964 1788 1019 1832; x_wconf 90' lang='lat' dir='ltr'>et</span> <span class='ocrx_word' id='word_1_91' title='bbox 1042 1781 1179 1845; x_wconf 82' lang='lat' dir='ltr'>apud</span> <span class='ocrx_word' id='word_1_92' title='bbox 1204 1780 1493 1831; x_wconf 87' lang='lat' dir='ltr'>Hearninm</span> 
     </span>
     <span class='ocr_line' id='line_1_19' title="bbox 426 1857 1498 1920; baseline -0.001 -13"><span class='ocrx_word' id='word_1_93' title='bbox 426 1857 603 1907; x_wconf 82' lang='lat' dir='ltr'>Oxou.</span> <span class='ocrx_word' id='word_1_94' title='bbox 644 1858 707 1907; x_wconf 84' lang='grc' dir='ltr'>Ι..</span> <span class='ocrx_word' id='word_1_95' title='bbox 732 1862 779 1908; x_wconf 89' lang='grc'>1.</span> <span class='ocrx_word' id='word_1_96' title='bbox 828 1858 895 1907; x_wconf 79' lang='lat' dir='ltr'>N.</span> <span class='ocrx_word' id='word_1_97' title='bbox 937 1858 1001 1908; x_wconf 87' lang='lat' dir='ltr'>C.</span> <span class='ocrx_word' id='word_1_98' title='bbox 1041 1865 1202 1920; x_wconf 87' lang='lat' dir='ltr'>atque</span> <span class='ocrx_word' id='word_1_99' title='bbox 1242 1862 1498 1920; x_wconf 83' lang='lat' dir='ltr'>excerpta</span> 
     </span>
     <span class='ocr_line' id='line_1_20' title="bbox 425 1932 1494 1997; baseline 0 -15"><span class='ocrx_word' id='word_1_100' title='bbox 425 1933 657 1994; x_wconf 80' lang='lat' dir='ltr'>Pithoei;</span> <span class='ocrx_word' id='word_1_101' title='bbox 690 1940 744 1983; x_wconf 84' lang='lat' dir='ltr'>et</span> <span class='ocrx_word' id='word_1_102' title='bbox 785 1934 863 1984; x_wconf 85' lang='lat' dir='ltr'>ita</span> <span class='ocrx_word' id='word_1_103' title='bbox 902 1933 1098 1997; x_wconf 77' lang='lat' dir='ltr'>primns</span> <span class='ocrx_word' id='word_1_104' title='bbox 1122 1932 1288 1991; x_wconf 84' lang='lat' dir='ltr'>Aldus</span> <span class='ocrx_word' id='word_1_105' title='bbox 1318 1933 1494 1984; x_wconf 86' lang='lat' dir='ltr'>edide-</span> 
     </span>
     <span class='ocr_line' id='line_1_21' title="bbox 427 2010 1498 2074; baseline 0.002 -17"><span class='ocrx_word' id='word_1_106' title='bbox 427 2017 529 2070; x_wconf 86' lang='lat' dir='ltr'>rat,</span> <span class='ocrx_word' id='word_1_107' title='bbox 551 2023 708 2072; x_wconf 85' lang='lat' dir='ltr'>quum</span> <span class='ocrx_word' id='word_1_108' title='bbox 732 2010 1032 2072; x_wconf 71' lang='lat' dir='ltr'>superiores</span> <span class='ocrx_word' id='word_1_109' title='bbox 1067 2010 1247 2060; x_wconf 84' lang='lat' dir='ltr'>excusi</span> <span class='ocrx_word' id='word_1_110' title='bbox 1282 2011 1378 2061; x_wconf 82' lang='lat' dir='ltr'>ulio</span> <span class='ocrx_word' id='word_1_111' title='bbox 1408 2025 1498 2074; x_wconf 73' lang='lat' dir='ltr'>po—</span> 
     </span>
     <span class='ocr_line' id='line_1_22' title="bbox 425 2085 1497 2148; baseline 0.003 -13"><span class='ocrx_word' id='word_1_112' title='bbox 425 2100 539 2135; x_wconf 74' lang='lat' dir='ltr'>eore</span> <span class='ocrx_word' id='word_1_113' title='bbox 563 2085 892 2136; x_wconf 77' lang='lat' dir='ltr'>exhiberent.</span> <span class='ocrx_word' id='word_1_114' title='bbox 942 2087 1152 2137; x_wconf 82' lang='lat' dir='ltr'>Deinde</span> <span class='ocrx_word' id='word_1_115' title='bbox 1174 2088 1324 2148; x_wconf 65' lang='lat' dir='ltr'>infert</span> <span class='ocrx_word' id='word_1_116' title='bbox 1345 2088 1497 2139; x_wconf 88' lang='lat' dir='ltr'>Leid.</span> 
     </span>
     <span class='ocr_line' id='line_1_23' title="bbox 429 2161 1498 2228; baseline 0.004 -17"><span class='ocrx_word' id='word_1_117' title='bbox 429 2166 480 2213; x_wconf 85' lang='lat'>1.</span> <span class='ocrx_word' id='word_1_118' title='bbox 549 2161 612 2212; x_wconf 91' lang='lat' dir='ltr'>In</span> <span class='ocrx_word' id='word_1_119' title='bbox 651 2162 823 2212; x_wconf 80' lang='lat' dir='ltr'>verbis</span> <span class='ocrx_word' id='word_1_120' title='bbox 859 2177 1008 2228; x_wconf 81' lang='lat' dir='ltr'>seqq.</span> <span class='ocrx_word' id='word_1_121' title='bbox 1041 2163 1366 2227; x_wconf 75' lang='lat' dir='ltr'>inuectusque,</span> <span class='ocrx_word' id='word_1_122' title='bbox 1400 2179 1498 2228; x_wconf 84' lang='lat' dir='ltr'>pro</span> 
     </span>
     <span class='ocr_line' id='line_1_24' title="bbox 426 2238 1499 2303; baseline 0.002 -15"><span class='ocrx_word' id='word_1_123' title='bbox 426 2238 748 2302; x_wconf 71' lang='lat' dir='ltr'>invectusque,</span> <span class='ocrx_word' id='word_1_124' title='bbox 785 2239 924 2289; x_wconf 84' lang='lat' dir='ltr'>Hav.</span> <span class='ocrx_word' id='word_1_125' title='bbox 957 2239 1185 2303; x_wconf 74' lang='lat' dir='ltr'>invectus,</span> <span class='ocrx_word' id='word_1_126' title='bbox 1224 2241 1336 2291; x_wconf 90' lang='lat' dir='ltr'>sine</span> <span class='ocrx_word' id='word_1_127' title='bbox 1372 2255 1499 2290; x_wconf 87' lang='lat' dir='ltr'>con·</span> 
     </span>
     <span class='ocr_line' id='line_1_25' title="bbox 423 2316 1499 2382; baseline 0.003 -17"><span class='ocrx_word' id='word_1_128' title='bbox 423 2317 700 2381; x_wconf 80' lang='lat' dir='ltr'>junctione</span> <span class='ocrx_word' id='word_1_129' title='bbox 720 2330 830 2378; x_wconf 74' lang='lat' dir='ltr'>que,</span> <span class='ocrx_word' id='word_1_130' title='bbox 852 2322 1073 2366; x_wconf 78' lang='lat' dir='ltr'>vetustae</span> <span class='ocrx_word' id='word_1_131' title='bbox 1095 2316 1221 2368; x_wconf 88' lang='lat' dir='ltr'>edd.</span> <span class='ocrx_word' id='word_1_132' title='bbox 1243 2333 1407 2382; x_wconf 84' lang='lat' dir='ltr'>usqne</span> <span class='ocrx_word' id='word_1_133' title='bbox 1432 2319 1499 2368; x_wconf 90' lang='lat' dir='ltr'>ad</span> 
     </span>
     <span class='ocr_line' id='line_1_26' title="bbox 429 2391 1500 2457; baseline 0.002 -15"><span class='ocrx_word' id='word_1_134' title='bbox 429 2391 644 2455; x_wconf 80' lang='lat' dir='ltr'>Aldum,</span> <span class='ocrx_word' id='word_1_135' title='bbox 660 2393 747 2457; x_wconf 91' lang='lat' dir='ltr'>qni</span> <span class='ocrx_word' id='word_1_136' title='bbox 766 2393 960 2456; x_wconf 86' lang='lat' dir='ltr'>primus</span> <span class='ocrx_word' id='word_1_137' title='bbox 978 2393 1201 2450; x_wconf 87' lang='lat' dir='ltr'>addidit,</span> <span class='ocrx_word' id='word_1_138' title='bbox 1218 2395 1500 2444; x_wconf 85' lang='lat' dir='ltr'>concinen-</span> 
     </span>
     <span class='ocr_line' id='line_1_27' title="bbox 429 2471 1500 2539; baseline 0.004 -19"><span class='ocrx_word' id='word_1_139' title='bbox 429 2471 569 2528; x_wconf 84' lang='lat' dir='ltr'>tibus</span> <span class='ocrx_word' id='word_1_140' title='bbox 592 2473 824 2535; x_wconf 82' lang='lat' dir='ltr'>scriptis.</span> <span class='ocrx_word' id='word_1_141' title='bbox 891 2471 1135 2538; x_wconf 86' lang='lat' dir='ltr'>Denique</span> <span class='ocrx_word' id='word_1_142' title='bbox 1156 2473 1381 2537; x_wconf 76' lang='lat' dir='ltr'>dissipat,</span> <span class='ocrx_word' id='word_1_143' title='bbox 1403 2488 1500 2539; x_wconf 87' lang='lat' dir='ltr'>pro</span> 
     </span>
     <span class='ocr_line' id='line_1_28' title="bbox 429 2547 869 2611; baseline -0.005 -14"><span class='ocrx_word' id='word_1_144' title='bbox 429 2547 628 2611; x_wconf 65' lang='lat' dir='ltr'>dissipa,</span> <span class='ocrx_word' id='word_1_145' title='bbox 649 2547 799 2599; x_wconf 90' lang='lat' dir='ltr'>Leid.</span> <span class='ocrx_word' id='word_1_146' title='bbox 820 2551 869 2597; x_wconf 93' lang='grc'>2.</span> 
     </span>
    </p>

    <p class='ocr_par' dir='ltr' id='par_1_4' title="bbox 428 2623 1509 3613">
     <span class='ocr_line' id='line_1_29' title="bbox 497 2623 1502 2691; baseline 0.003 -18"><span class='ocrx_word' id='word_1_147' title='bbox 497 2625 528 2687; x_wconf 78' lang='lat'>§</span> <span class='ocrx_word' id='word_1_148' title='bbox 550 2627 609 2673; x_wconf 93' lang='lat' dir='ltr'>ll</span> <span class='ocrx_word' id='word_1_149' title='bbox 644 2624 729 2673; x_wconf 81' lang='lat' dir='ltr'>Sic</span> <span class='ocrx_word' id='word_1_150' title='bbox 748 2638 907 2687; x_wconf 77' lang='lat' dir='ltr'>eques,</span> <span class='ocrx_word' id='word_1_151' title='bbox 926 2623 998 2673; x_wconf 78' lang='lat' dir='ltr'>sic</span> <span class='ocrx_word' id='word_1_152' title='bbox 1014 2626 1173 2688; x_wconf 78' lang='lat' dir='ltr'>pedes,</span> <span class='ocrx_word' id='word_1_153' title='bbox 1193 2632 1247 2675; x_wconf 73' lang='lat' dir='ltr'>ut</span> <span class='ocrx_word' id='word_1_154' title='bbox 1270 2640 1502 2691; x_wconf 82' lang='lat' dir='ltr'>proecepe·</span> 
     </span>
     <span class='ocr_line' id='line_1_30' title="bbox 428 2700 1500 2768; baseline 0.004 -18"><span class='ocrx_word' id='word_1_155' title='bbox 428 2706 532 2762; x_wconf 72' lang='lat' dir='ltr'>rut,</span> <span class='ocrx_word' id='word_1_156' title='bbox 549 2701 794 2765; x_wconf 76' lang='lat' dir='ltr'>pugnant]</span> <span class='ocrx_word' id='word_1_157' title='bbox 827 2700 916 2752; x_wconf 74' lang='lat' dir='ltr'>Sic</span> <span class='ocrx_word' id='word_1_158' title='bbox 943 2704 1108 2767; x_wconf 81' lang='lat' dir='ltr'>pedes,</span> <span class='ocrx_word' id='word_1_159' title='bbox 1127 2702 1200 2753; x_wconf 79' lang='lat' dir='ltr'>sie</span> <span class='ocrx_word' id='word_1_160' title='bbox 1220 2719 1358 2768; x_wconf 75' lang='lat' dir='ltr'>eques</span> <span class='ocrx_word' id='word_1_161' title='bbox 1378 2704 1500 2755; x_wconf 90' lang='lat' dir='ltr'>edd.</span> 
     </span>
     <span class='ocr_line' id='line_1_31' title="bbox 435 2778 1504 2846; baseline 0.004 -19"><span class='ocrx_word' id='word_1_162' title='bbox 435 2778 720 2842; x_wconf 76' lang='lat' dir='ltr'>principes.</span> <span class='ocrx_word' id='word_1_163' title='bbox 784 2778 954 2828; x_wconf 86' lang='lat' dir='ltr'>Aldus</span> <span class='ocrx_word' id='word_1_164' title='bbox 995 2794 1064 2829; x_wconf 88' lang='lat' dir='ltr'>eo</span> <span class='ocrx_word' id='word_1_165' title='bbox 1103 2780 1285 2830; x_wconf 83' lang='lat' dir='ltr'>ordine</span> <span class='ocrx_word' id='word_1_166' title='bbox 1323 2782 1504 2846; x_wconf 75' lang='lat' dir='ltr'>vulga-</span> 
     </span>
     <span class='ocr_line' id='line_1_32' title="bbox 434 2855 1503 2920; baseline 0.005 -16"><span class='ocrx_word' id='word_1_167' title='bbox 434 2855 529 2911; x_wconf 83' lang='lat' dir='ltr'>vit,</span> <span class='ocrx_word' id='word_1_168' title='bbox 566 2868 670 2920; x_wconf 87' lang='lat' dir='ltr'>quo</span> <span class='ocrx_word' id='word_1_169' title='bbox 706 2869 843 2905; x_wconf 90' lang='lat' dir='ltr'>nunc</span> <span class='ocrx_word' id='word_1_170' title='bbox 881 2862 1088 2905; x_wconf 82' lang='lat' dir='ltr'>exstat=</span> <span class='ocrx_word' id='word_1_171' title='bbox 1122 2858 1173 2906; x_wconf 87' lang='lat' dir='ltr'>ei</span> <span class='ocrx_word' id='word_1_172' title='bbox 1215 2866 1390 2909; x_wconf 85' lang='lat' dir='ltr'>autem</span> <span class='ocrx_word' id='word_1_173' title='bbox 1424 2858 1503 2909; x_wconf 77' lang='lat' dir='ltr'>fa·</span> 
     </span>
     <span class='ocr_line' id='line_1_33' title="bbox 435 2933 1504 2986; baseline 0.006 -6"><span class='ocrx_word' id='word_1_174' title='bbox 435 2940 562 2981; x_wconf 81' lang='lat' dir='ltr'>vent</span> <span class='ocrx_word' id='word_1_175' title='bbox 595 2946 778 2984; x_wconf 86' lang='lat' dir='ltr'>omnes</span> <span class='ocrx_word' id='word_1_176' title='bbox 812 2933 1013 2982; x_wconf 87' lang='lat' dir='ltr'>calamo</span> <span class='ocrx_word' id='word_1_177' title='bbox 1053 2934 1276 2986; x_wconf 82' lang='lat' dir='ltr'>exarati.</span> <span class='ocrx_word' id='word_1_178' title='bbox 1345 2933 1504 2986; x_wconf 85' lang='lat' dir='ltr'>Varie</span> 
     </span>
     <span class='ocr_line' id='line_1_34' title="bbox 435 3008 1504 3073; baseline 0.003 -16"><span class='ocrx_word' id='word_1_179' title='bbox 435 3023 575 3058; x_wconf 83' lang='lat' dir='ltr'>nnnc</span> <span class='ocrx_word' id='word_1_180' title='bbox 598 3011 800 3073; x_wconf 85' lang='lat' dir='ltr'>equites</span> <span class='ocrx_word' id='word_1_181' title='bbox 829 3008 1111 3071; x_wconf 86' lang='lat' dir='ltr'>peditibus,</span> <span class='ocrx_word' id='word_1_182' title='bbox 1134 3024 1273 3059; x_wconf 90' lang='lat' dir='ltr'>nunc</span> <span class='ocrx_word' id='word_1_183' title='bbox 1300 3010 1504 3073; x_wconf 76' lang='lat' dir='ltr'>pedites</span> 
     </span>
     <span class='ocr_line' id='line_1_35' title="bbox 435 3086 1505 3153; baseline 0.002 -17"><span class='ocrx_word' id='word_1_184' title='bbox 435 3086 699 3149; x_wconf 84' lang='lat' dir='ltr'>equitibus</span> <span class='ocrx_word' id='word_1_185' title='bbox 724 3093 1098 3149; x_wconf 64' lang='lat' dir='ltr'>pra’ponuntur</span> <span class='ocrx_word' id='word_1_186' title='bbox 1116 3087 1255 3150; x_wconf 82' lang='lat' dir='ltr'>apud</span> <span class='ocrx_word' id='word_1_187' title='bbox 1281 3088 1505 3153; x_wconf 83' lang='lat' dir='ltr'>Livium,</span> 
     </span>
     <span class='ocr_line' id='line_1_36' title="bbox 436 3161 1507 3229; baseline 0.004 -18"><span class='ocrx_word' id='word_1_188' title='bbox 436 3174 504 3212; x_wconf 83' lang='lat' dir='ltr'>ne</span> <span class='ocrx_word' id='word_1_189' title='bbox 544 3161 669 3225; x_wconf 87' lang='lat' dir='ltr'>qnid</span> <span class='ocrx_word' id='word_1_190' title='bbox 704 3162 785 3210; x_wconf 75' lang='lat' dir='ltr'>liic</span> <span class='ocrx_word' id='word_1_191' title='bbox 810 3162 1053 3224; x_wconf 74' lang='lat' dir='ltr'>dignitati</span> <span class='ocrx_word' id='word_1_192' title='bbox 1092 3164 1287 3213; x_wconf 79' lang='lat' dir='ltr'>ordinis</span> <span class='ocrx_word' id='word_1_193' title='bbox 1322 3179 1507 3229; x_wconf 88' lang='lat' dir='ltr'>eques-</span> 
     </span>
     <span class='ocr_line' id='line_1_37' title="bbox 439 3236 1504 3292; baseline 0.006 -6"><span class='ocrx_word' id='word_1_194' title='bbox 439 3236 536 3286; x_wconf 87' lang='lat' dir='ltr'>tris</span> <span class='ocrx_word' id='word_1_195' title='bbox 594 3237 848 3288; x_wconf 87' lang='lat' dir='ltr'>tributum</span> <span class='ocrx_word' id='word_1_196' title='bbox 905 3239 1170 3288; x_wconf 83' lang='lat' dir='ltr'>credatur.</span> <span class='ocrx_word' id='word_1_197' title='bbox 1251 3240 1389 3292; x_wconf 89' lang='lat' dir='ltr'>Vide</span> <span class='ocrx_word' id='word_1_198' title='bbox 1436 3242 1504 3292; x_wconf 88' lang='lat' dir='ltr'>ad</span> 
     </span>
     <span class='ocr_line' id='line_1_38' title="bbox 437 3316 1504 3383; baseline 0.007 -20"><span class='ocrx_word' id='word_1_199' title='bbox 437 3316 739 3363; x_wconf 56' lang='lat' dir='ltr'>xxva-13.</span> <span class='ocrx_word' id='word_1_200' title='bbox 775 3316 803 3377; x_wconf 77' lang='lat'>§</span> <span class='ocrx_word' id='word_1_201' title='bbox 841 3318 892 3364; x_wconf 83' lang='grc'>9.</span> <span class='ocrx_word' id='word_1_202' title='bbox 932 3322 989 3365; x_wconf 92' lang='lat' dir='ltr'>et</span> <span class='ocrx_word' id='word_1_203' title='bbox 1024 3327 1222 3366; x_wconf 78' lang='lat' dir='ltr'>xxxiv.</span> <span class='ocrx_word' id='word_1_204' title='bbox 1257 3322 1340 3367; x_wconf 89' lang='grc'>26.</span> <span class='ocrx_word' id='word_1_205' title='bbox 1386 3320 1415 3383; x_wconf 83' lang='lat'>§</span> <span class='ocrx_word' id='word_1_206' title='bbox 1454 3323 1504 3371; x_wconf 90' lang='grc'>2.</span> 
     </span>
     <span class='ocr_line' id='line_1_39' title="bbox 437 3388 1506 3459; baseline 0.007 -20"><span class='ocrx_word' id='word_1_207' title='bbox 437 3388 606 3440; x_wconf 83' lang='lat' dir='ltr'>Codd.</span> <span class='ocrx_word' id='word_1_208' title='bbox 627 3390 803 3454; x_wconf 83' lang='lat' dir='ltr'>itaque</span> <span class='ocrx_word' id='word_1_209' title='bbox 839 3399 1132 3454; x_wconf 65' lang='lat' dir='ltr'>praeuntes</span> <span class='ocrx_word' id='word_1_210' title='bbox 1165 3395 1314 3458; x_wconf 88' lang='lat' dir='ltr'>sequi</span> <span class='ocrx_word' id='word_1_211' title='bbox 1353 3410 1506 3459; x_wconf 88' lang='lat' dir='ltr'>opor·</span> 
     </span>
     <span class='ocr_line' id='line_1_40' title="bbox 438 3466 1509 3535; baseline 0.007 -20"><span class='ocrx_word' id='word_1_212' title='bbox 438 3472 538 3516; x_wconf 89' lang='lat' dir='ltr'>tet.</span> <span class='ocrx_word' id='word_1_213' title='bbox 602 3466 732 3516; x_wconf 86' lang='lat' dir='ltr'>Tum</span> <span class='ocrx_word' id='word_1_214' title='bbox 790 3471 845 3516; x_wconf 75' lang='lat' dir='ltr'>ut</span> <span class='ocrx_word' id='word_1_215' title='bbox 894 3475 1239 3533; x_wconf 70' lang='lat' dir='ltr'>preceperunt,</span> <span class='ocrx_word' id='word_1_216' title='bbox 1290 3478 1509 3535; x_wconf 73' lang='lat' dir='ltr'>pugnant</span> 
     </span>
     <span class='ocr_line' id='line_1_41' title="bbox 439 3542 1503 3613; baseline 0.007 -21"><span class='ocrx_word' id='word_1_217' title='bbox 439 3542 579 3592; x_wconf 80' lang='lat' dir='ltr'>Flor.</span> <span class='ocrx_word' id='word_1_218' title='bbox 603 3542 812 3594; x_wconf 80' lang='lat' dir='ltr'>Leid.1.</span> <span class='ocrx_word' id='word_1_219' title='bbox 838 3544 1028 3594; x_wconf 82' lang='lat' dir='ltr'>Lov.5.</span> <span class='ocrx_word' id='word_1_220' title='bbox 1051 3552 1106 3595; x_wconf 87' lang='lat' dir='ltr'>et</span> <span class='ocrx_word' id='word_1_221' title='bbox 1126 3546 1270 3596; x_wconf 89' lang='lat' dir='ltr'>Port.</span> <span class='ocrx_word' id='word_1_222' title='bbox 1304 3554 1360 3598; x_wconf 75' lang='lat' dir='ltr'>ut</span> <span class='ocrx_word' id='word_1_223' title='bbox 1382 3561 1503 3613; x_wconf 72' lang='lat' dir='ltr'>prce-</span> 
     </span>
    </p>
   </div>
   <div class='ocr_carea' id='block_1_3' title="bbox 435 3619 1579 3685">
    <p class='ocr_par' dir='ltr' id='par_1_5' title="bbox 435 3619 1579 3685">
     <span class='ocr_line' id='line_1_42' title="bbox 435 3619 1579 3685; baseline 0.008 -17"><span class='ocrx_word' id='word_1_224' title='bbox 435 3625 644 3683; x_wconf 78' lang='lat' dir='ltr'>ceperut,</span> <span class='ocrx_word' id='word_1_225' title='bbox 677 3626 866 3683; x_wconf 76' lang='lat' dir='ltr'>pugnat</span> <span class='ocrx_word' id='word_1_226' title='bbox 898 3619 1084 3685; x_wconf 80' lang='lat' dir='ltr'>fragm.</span> <span class='ocrx_word' id='word_1_227' title='bbox 1120 3622 1259 3673; x_wconf 72' lang='lat' dir='ltr'>Har.</span> <span class='ocrx_word' id='word_1_228' title='bbox 1289 3632 1343 3675; x_wconf 90' lang='lat' dir='ltr'>et</span> <span class='ocrx_word' id='word_1_229' title='bbox 1378 3627 1508 3676; x_wconf 86' lang='lat' dir='ltr'>editi</span> <span class='ocrx_word' id='word_1_230' title='bbox 1572 3671 1579 3679; x_wconf 87' lang='lat'>.</span> 
     </span>
    </p>
   </div>
   <div class='ocr_carea' id='block_1_4' title="bbox 438 3696 1511 4217">
    <p class='ocr_par' dir='ltr' id='par_1_6' title="bbox 438 3696 1510 4217">
     <span class='ocr_line' id='line_1_43' title="bbox 439 3696 1507 3761; baseline 0.005 -15"><span class='ocrx_word' id='word_1_231' title='bbox 439 3710 605 3759; x_wconf 79' lang='lat' dir='ltr'>nsque</span> <span class='ocrx_word' id='word_1_232' title='bbox 628 3696 693 3746; x_wconf 91' lang='lat' dir='ltr'>ad</span> <span class='ocrx_word' id='word_1_233' title='bbox 718 3696 934 3747; x_wconf 89' lang='lat' dir='ltr'>Aldum.</span> <span class='ocrx_word' id='word_1_234' title='bbox 1000 3697 1238 3761; x_wconf 76' lang='lat' dir='ltr'>Adparet</span> <span class='ocrx_word' id='word_1_235' title='bbox 1270 3701 1507 3751; x_wconf 78' lang='lat' dir='ltr'>librarios</span> 
     </span>
     <span class='ocr_line' id='line_1_44' title="bbox 439 3774 1509 3843; baseline 0.008 -22"><span class='ocrx_word' id='word_1_236' title='bbox 439 3775 766 3823; x_wconf 73' lang='lat' dir='ltr'>existimasse</span> <span class='ocrx_word' id='word_1_237' title='bbox 783 3774 968 3825; x_wconf 88' lang='lat' dir='ltr'>eodem</span> <span class='ocrx_word' id='word_1_238' title='bbox 994 3790 1210 3826; x_wconf 88' lang='lat' dir='ltr'>numero</span> <span class='ocrx_word' id='word_1_239' title='bbox 1233 3784 1509 3843; x_wconf 86' lang='lat' dir='ltr'>utrumque</span> 
     </span>
     <span class='ocr_line' id='line_1_45' title="bbox 443 3848 1510 3919; baseline 0.008 -21"><span class='ocrx_word' id='word_1_240' title='bbox 443 3848 658 3898; x_wconf 76' lang='lat' dir='ltr'>verbum</span> <span class='ocrx_word' id='word_1_241' title='bbox 683 3852 997 3912; x_wconf 88' lang='lat' dir='ltr'>ponendum.</span> <span class='ocrx_word' id='word_1_242' title='bbox 1064 3853 1264 3904; x_wconf 87' lang='lat' dir='ltr'>Verum</span> <span class='ocrx_word' id='word_1_243' title='bbox 1291 3858 1432 3919; x_wconf 82' lang='lat' dir='ltr'>pedes</span> <span class='ocrx_word' id='word_1_244' title='bbox 1453 3864 1510 3907; x_wconf 89' lang='lat' dir='ltr'>et</span> 
     </span>
     <span class='ocr_line' id='line_1_46' title="bbox 439 3923 1509 3995; baseline 0.007 -21"><span class='ocrx_word' id='word_1_245' title='bbox 439 3938 598 3986; x_wconf 73' lang='lat' dir='ltr'>eques,</span> <span class='ocrx_word' id='word_1_246' title='bbox 640 3923 705 3972; x_wconf 85' lang='lat' dir='ltr'>ad</span> <span class='ocrx_word' id='word_1_247' title='bbox 745 3941 876 3989; x_wconf 86' lang='lat' dir='ltr'>qnos</span> <span class='ocrx_word' id='word_1_248' title='bbox 911 3927 1141 3978; x_wconf 82' lang='lat' dir='ltr'>refertur</span> <span class='ocrx_word' id='word_1_249' title='bbox 1174 3928 1235 3980; x_wconf 67' lang='grc' dir='ltr'>τὸ</span> <span class='ocrx_word' id='word_1_250' title='bbox 1266 3936 1509 3995; x_wconf 75' lang='lat' dir='ltr'>pugnant,</span> 
     </span>
     <span class='ocr_line' id='line_1_47' title="bbox 444 4000 1510 4071; baseline 0.011 -24"><span class='ocrx_word' id='word_1_251' title='bbox 444 4007 590 4048; x_wconf 85' lang='lat' dir='ltr'>recte</span> <span class='ocrx_word' id='word_1_252' title='bbox 655 4000 939 4052; x_wconf 81' lang='lat' dir='ltr'>admittunt</span> <span class='ocrx_word' id='word_1_253' title='bbox 1005 4005 1218 4058; x_wconf 79' lang='lat' dir='ltr'>verbum</span> <span class='ocrx_word' id='word_1_254' title='bbox 1285 4010 1510 4071; x_wconf 86' lang='lat' dir='ltr'>plurale.</span> 
     </span>
     <span class='ocr_line' id='line_1_48' title="bbox 446 4075 1509 4141; baseline 0.011 -15"><span class='ocrx_word' id='word_1_255' title='bbox 446 4075 586 4126; x_wconf 80' lang='lat' dir='ltr'>,Quin</span> <span class='ocrx_word' id='word_1_256' title='bbox 634 4081 690 4123; x_wconf 91' lang='lat' dir='ltr'>et</span> <span class='ocrx_word' id='word_1_257' title='bbox 734 4077 976 4141; x_wconf 86' lang='lat' dir='ltr'>qnodque</span> <span class='ocrx_word' id='word_1_258' title='bbox 1017 4094 1195 4131; x_wconf 81' lang='lat' dir='ltr'>eorum</span> <span class='ocrx_word' id='word_1_259' title='bbox 1235 4086 1509 4137; x_wconf 84' lang='lat' dir='ltr'>vocabulo-</span> 
     </span>
     <span class='ocr_line' id='line_1_49' title="bbox 438 4157 1511 4217; baseline 0.014 -17"><span class='ocrx_word' id='word_1_260' title='bbox 438 4166 579 4211; x_wconf 73' lang='lat' dir='ltr'>rum,</span> <span class='ocrx_word' id='word_1_261' title='bbox 603 4157 861 4217; x_wconf 86' lang='lat' dir='ltr'>tamqnam</span> <span class='ocrx_word' id='word_1_262' title='bbox 888 4158 1255 4211; x_wconf 78' lang='lat' dir='ltr'>conlectivum</span> <span class='ocrx_word' id='word_1_263' title='bbox 1272 4165 1511 4215; x_wconf 87' lang='lat' dir='ltr'>couside-</span> 
     </span>
    </p>
   </div>
   <div class='ocr_carea' id='block_1_5' title="bbox 437 4229 1509 4384">
    <p class='ocr_par' dir='ltr' id='par_1_7' title="bbox 447 4229 1509 4373">
     <span class='ocr_line' id='line_1_50' title="bbox 448 4229 1509 4305; baseline 0.014 -28"><span class='ocrx_word' id='word_1_264' title='bbox 448 4235 639 4291; x_wconf 87' lang='lat' dir='ltr'>ratum,</span> <span class='ocrx_word' id='word_1_265' title='bbox 666 4229 824 4280; x_wconf 84' lang='lat' dir='ltr'>verbo</span> <span class='ocrx_word' id='word_1_266' title='bbox 847 4231 1036 4293; x_wconf 81' lang='lat' dir='ltr'>plurali</span> <span class='ocrx_word' id='word_1_267' title='bbox 1057 4238 1288 4288; x_wconf 74' lang='lat' dir='ltr'>construi</span> <span class='ocrx_word' id='word_1_268' title='bbox 1313 4249 1509 4305; x_wconf 84' lang='lat' dir='ltr'>potest.</span> 
     </span>
     <span class='ocr_line' id='line_1_51' title="bbox 437 4303 1098 4384; baseline 0.005 -26.047"><span class='ocrx_word' id='word_1_269' title='bbox 437 4303 584 4368; x_wconf 72' lang='lat' dir='ltr'>vide</span> <span class='ocrx_word' id='word_1_270' title='bbox 605 4304 674 4357; x_wconf 80' lang='lat' dir='ltr'>ad</span> <span class='ocrx_word' id='word_1_271' title='bbox 700 4318 877 4358; x_wconf 78' lang='lat' dir='ltr'><strong>xxxv·</strong></span> <span class='ocrx_word' id='word_1_272' title='bbox 889 4311 976 4384; x_wconf 87' lang='grc'>26.</span> <span class='ocrx_word' id='word_1_273' title='bbox 998 4310 1098 4373; x_wconf 58' lang='grc' dir='ltr'><strong>ςῡ.</strong></span> 
     </span>
    </p>
   </div>
   <div class='ocr_carea' id='block_1_6' title="bbox 1113 409 1923 462">
    <p class='ocr_par' dir='ltr' id='par_1_8' title="bbox 1113 409 1923 462">
     <span class='ocr_line' id='line_1_52' title="bbox 1113 409 1923 462; baseline -0.004 0"><span class='ocrx_word' id='word_1_274' title='bbox 1113 412 1332 462; x_wconf 75' lang='lat' dir='ltr'>No&#39;rAE</span> <span class='ocrx_word' id='word_1_275' title='bbox 1380 409 1789 462; x_wconf 75' lang='lat' dir='ltr'>VARIORUM</span> <span class='ocrx_word' id='word_1_276' title='bbox 1838 411 1923 460; x_wconf 76' lang='grc' dir='ltr'>ΙΝ</span> 
     </span>
    </p>
   </div>
   <div class='ocr_carea' id='block_1_7' title="bbox 1558 551 2658 4299">
    <p class='ocr_par' dir='ltr' id='par_1_9' title="bbox 1558 551 2628 1076">
     <span class='ocr_line' id='line_1_53' title="bbox 1629 551 2627 617; baseline -0.001 -13"><span class='ocrx_word' id='word_1_277' title='bbox 1629 555 1735 604; x_wconf 82' lang='lat' dir='ltr'>Nec</span> <span class='ocrx_word' id='word_1_278' title='bbox 1749 556 1851 605; x_wconf 75' lang='lat' dir='ltr'>dux</span> <span class='ocrx_word' id='word_1_279' title='bbox 1870 555 2092 617; x_wconf 67' lang='grc' dir='ltr'>ὶεςίοηεσ,</span> <span class='ocrx_word' id='word_1_280' title='bbox 2112 568 2198 603; x_wconf 71' lang='lat' dir='ltr'>nec</span> <span class='ocrx_word' id='word_1_281' title='bbox 2219 553 2426 614; x_wconf 77' lang='lat' dir='ltr'>fortuna</span> <span class='ocrx_word' id='word_1_282' title='bbox 2441 551 2627 613; x_wconf 54' lang='lat' dir='ltr'>fefellit</span> 
     </span>
     <span class='ocr_line' id='line_1_54' title="bbox 1558 629 2624 694; baseline -0.002 -14"><span class='ocrx_word' id='word_1_283' title='bbox 1558 629 1746 692; x_wconf 75' lang='lat' dir='ltr'>ducem]</span> <span class='ocrx_word' id='word_1_284' title='bbox 1779 632 1898 680; x_wconf 78' lang='lat' dir='ltr'>Dux</span> <span class='ocrx_word' id='word_1_285' title='bbox 1914 631 2116 692; x_wconf 74' lang='lat' dir='ltr'>legionis</span> <span class='ocrx_word' id='word_1_286' title='bbox 2131 631 2266 679; x_wconf 84' lang='lat' dir='ltr'>male</span> <span class='ocrx_word' id='word_1_287' title='bbox 2282 629 2472 694; x_wconf 80' lang='lat' dir='ltr'>fragm.</span> <span class='ocrx_word' id='word_1_288' title='bbox 2488 630 2624 678; x_wconf 76' lang='lat' dir='ltr'>Hav-</span> 
     </span>
     <span class='ocr_line' id='line_1_55' title="bbox 1563 706 2624 769; baseline -0.003 -13"><span class='ocrx_word' id='word_1_289' title='bbox 1563 718 1595 756; x_wconf 85' lang='lat' dir='ltr'>a</span> <span class='ocrx_word' id='word_1_290' title='bbox 1637 720 1706 755; x_wconf 89' lang='lat' dir='ltr'>m.</span> <span class='ocrx_word' id='word_1_291' title='bbox 1739 720 1819 769; x_wconf 89' lang='lat' dir='ltr'>pr.</span> <span class='ocrx_word' id='word_1_292' title='bbox 1880 707 2009 756; x_wconf 83' lang='lat' dir='ltr'>Tum</span> <span class='ocrx_word' id='word_1_293' title='bbox 2051 722 2110 756; x_wconf 78' lang='lat' dir='ltr'>ne</span> <span class='ocrx_word' id='word_1_294' title='bbox 2147 706 2352 766; x_wconf 79' lang='lat' dir='ltr'>fortuna</span> <span class='ocrx_word' id='word_1_295' title='bbox 2397 706 2547 755; x_wconf 89' lang='lat' dir='ltr'>Leid.</span> <span class='ocrx_word' id='word_1_296' title='bbox 2578 709 2624 755; x_wconf 82' lang='lat'>2.</span> 
     </span>
     <span class='ocr_line' id='line_1_56' title="bbox 1560 782 2627 843; baseline 0 -12"><span class='ocrx_word' id='word_1_297' title='bbox 1560 797 1647 832; x_wconf 75' lang='lat' dir='ltr'>nec</span> <span class='ocrx_word' id='word_1_298' title='bbox 1663 782 1851 843; x_wconf 56' lang='lat' dir='ltr'>fefellit</span> <span class='ocrx_word' id='word_1_299' title='bbox 1872 783 2077 843; x_wconf 72' lang='lat' dir='ltr'>fortuna</span> <span class='ocrx_word' id='word_1_300' title='bbox 2117 785 2283 833; x_wconf 80' lang='lat' dir='ltr'>ducem</span> <span class='ocrx_word' id='word_1_301' title='bbox 2324 784 2448 835; x_wconf 89' lang='lat' dir='ltr'>edd.</span> <span class='ocrx_word' id='word_1_302' title='bbox 2493 783 2627 832; x_wconf 86' lang='lat' dir='ltr'>anti-</span> 
     </span>
     <span class='ocr_line' id='line_1_57' title="bbox 1562 859 2628 924; baseline 0.004 -17"><span class='ocrx_word' id='word_1_303' title='bbox 1562 859 1786 924; x_wconf 86' lang='lat' dir='ltr'>quiores.</span> <span class='ocrx_word' id='word_1_304' title='bbox 1854 859 2019 910; x_wconf 86' lang='lat' dir='ltr'>Aldus</span> <span class='ocrx_word' id='word_1_305' title='bbox 2040 860 2295 910; x_wconf 80' lang='lat' dir='ltr'>vocabula</span> <span class='ocrx_word' id='word_1_306' title='bbox 2316 860 2549 923; x_wconf 81' lang='lat' dir='ltr'>trajecit,</span> <span class='ocrx_word' id='word_1_307' title='bbox 2569 866 2628 911; x_wconf 73' lang='lat' dir='ltr'>ut</span> 
     </span>
     <span class='ocr_line' id='line_1_58' title="bbox 1560 935 2627 1000; baseline 0.002 -16"><span class='ocrx_word' id='word_1_308' title='bbox 1560 947 1699 985; x_wconf 88' lang='lat' dir='ltr'>nunc</span> <span class='ocrx_word' id='word_1_309' title='bbox 1717 935 1909 987; x_wconf 87' lang='lat' dir='ltr'>editur.</span> <span class='ocrx_word' id='word_1_310' title='bbox 1974 938 2106 987; x_wconf 88' lang='lat' dir='ltr'>Eum</span> <span class='ocrx_word' id='word_1_311' title='bbox 2122 952 2244 987; x_wconf 81' lang='lat' dir='ltr'>vero</span> <span class='ocrx_word' id='word_1_312' title='bbox 2262 937 2495 988; x_wconf 85' lang='lat' dir='ltr'>ordinem</span> <span class='ocrx_word' id='word_1_313' title='bbox 2511 950 2627 1000; x_wconf 86' lang='lat' dir='ltr'>pro</span> 
     </span>
     <span class='ocr_line' id='line_1_59' title="bbox 1564 1011 2623 1076; baseline 0 -15"><span class='ocrx_word' id='word_1_314' title='bbox 1564 1011 1693 1061; x_wconf 87' lang='lat' dir='ltr'>bant</span> <span class='ocrx_word' id='word_1_315' title='bbox 1713 1012 1868 1062; x_wconf 89' lang='lat' dir='ltr'>codd.</span> <span class='ocrx_word' id='word_1_316' title='bbox 1893 1013 2098 1076; x_wconf 87' lang='lat' dir='ltr'>scripti.</span> <span class='ocrx_word' id='word_1_317' title='bbox 2580 1028 2623 1046; x_wconf 56' lang='lat'>⁰</span> 
     </span>
    </p>

    <p class='ocr_par' dir='ltr' id='par_1_10' title="bbox 1562 1089 2650 2919">
     <span class='ocr_line' id='line_1_60' title="bbox 1628 1089 2634 1154; baseline 0 -16"><span class='ocrx_word' id='word_1_318' title='bbox 1628 1089 2016 1154; x_wconf 60' lang='lat' dir='ltr'>Cae.1111.§</span> <span class='ocrx_word' id='word_1_319' title='bbox 2055 1093 2082 1138; x_wconf 92' lang='grc'><strong>1</strong></span> <span class='ocrx_word' id='word_1_320' title='bbox 2134 1089 2278 1138; x_wconf 78' lang='lat' dir='ltr'>Nulli</span> <span class='ocrx_word' id='word_1_321' title='bbox 2307 1089 2399 1150; x_wconf 78' lang='lat' dir='ltr'>rei,</span> <span class='ocrx_word' id='word_1_322' title='bbox 2433 1093 2634 1150; x_wconf 58' lang='grc' dir='ltr'>παίετε</span> 
     </span>
     <span class='ocr_line' id='line_1_61' title="bbox 1562 1165 2635 1231; baseline -0.004 -14"><span class='ocrx_word' id='word_1_323' title='bbox 1562 1181 1704 1230; x_wconf 72' lang='lat' dir='ltr'>quum</span> <span class='ocrx_word' id='word_1_324' title='bbox 1739 1181 1952 1226; x_wconf 63' lang='lat' dir='ltr'>numae,</span> <span class='ocrx_word' id='word_1_325' title='bbox 1973 1166 2137 1231; x_wconf 77' lang='lat' dir='ltr'>fretu]</span> <span class='ocrx_word' id='word_1_326' title='bbox 2190 1165 2376 1216; x_wconf 85' lang='lat' dir='ltr'>Scribe</span> <span class='ocrx_word' id='word_1_327' title='bbox 2408 1166 2635 1219; x_wconf 70' lang='lat' dir='ltr'>nullan.</span> 
     </span>
     <span class='ocr_line' id='line_1_62' title="bbox 1567 1243 2632 1306; baseline -0.006 -11"><span class='ocrx_word' id='word_1_328' title='bbox 1567 1244 1640 1295; x_wconf 88' lang='lat' dir='ltr'>Ut</span> <span class='ocrx_word' id='word_1_329' title='bbox 1663 1256 1742 1294; x_wconf 78' lang='lat' dir='ltr'>rx.</span> <span class='ocrx_word' id='word_1_330' title='bbox 1769 1248 1855 1294; x_wconf 73' lang='lat'>³5.</span> <span class='ocrx_word' id='word_1_331' title='bbox 1875 1246 1891 1273; x_wconf 91' lang='lat'>‘</span> <span class='ocrx_word' id='word_1_332' title='bbox 1912 1243 2123 1293; x_wconf 87' lang='lat' dir='ltr'>Etrusci</span> <span class='ocrx_word' id='word_1_333' title='bbox 2146 1243 2397 1306; x_wconf 88' lang='lat' dir='ltr'>omnium,</span> <span class='ocrx_word' id='word_1_334' title='bbox 2414 1246 2632 1305; x_wconf 82' lang='lat' dir='ltr'>praeter·</span> 
     </span>
     <span class='ocr_line' id='line_1_63' title="bbox 1563 1315 2637 1386; baseline 0 -17"><span class='ocrx_word' id='word_1_335' title='bbox 1563 1335 1713 1386; x_wconf 82' lang='lat' dir='ltr'>quam</span> <span class='ocrx_word' id='word_1_336' title='bbox 1736 1319 2085 1370; x_wconf 73' lang='lat' dir='ltr'>multitudinis</span> <span class='ocrx_word' id='word_1_337' title='bbox 2107 1333 2235 1375; x_wconf 77' lang='lat' dir='ltr'>suae,</span> <span class='ocrx_word' id='word_1_338' title='bbox 2257 1333 2357 1381; x_wconf 85' lang='lat' dir='ltr'>qua</span> <span class='ocrx_word' id='word_1_339' title='bbox 2376 1319 2487 1367; x_wconf 83' lang='lat' dir='ltr'>sola</span> <span class='ocrx_word' id='word_1_340' title='bbox 2512 1315 2637 1369; x_wconf 79' lang='lat' dir='ltr'>freti</span> 
     </span>
     <span class='ocr_line' id='line_1_64' title="bbox 1564 1393 2637 1460; baseline -0.002 -13"><span class='ocrx_word' id='word_1_341' title='bbox 1564 1404 1737 1460; x_wconf 88' lang='lat' dir='ltr'>erant,</span> <span class='ocrx_word' id='word_1_342' title='bbox 1757 1393 2120 1446; x_wconf 65' lang='lat' dir='ltr'>immemores!</span> <span class='ocrx_word' id='word_1_343' title='bbox 2139 1397 2194 1444; x_wconf 87' lang='lat' dir='ltr'>J.</span> <span class='ocrx_word' id='word_1_344' title='bbox 2221 1396 2283 1445; x_wconf 89' lang='lat' dir='ltr'>F.</span> <span class='ocrx_word' id='word_1_345' title='bbox 2306 1396 2466 1444; x_wconf 66' lang='lat' dir='ltr'>Groui.</span> <span class='ocrx_word' id='word_1_346' title='bbox 2520 1393 2637 1445; x_wconf 79' lang='lat' dir='ltr'>Lib.</span> 
     </span>
     <span class='ocr_line' id='line_1_65' title="bbox 1566 1474 2639 1537; baseline -0.005 -10"><span class='ocrx_word' id='word_1_347' title='bbox 1566 1488 1647 1527; x_wconf 81' lang='lat' dir='ltr'>tv.</span> <span class='ocrx_word' id='word_1_348' title='bbox 1667 1479 1806 1526; x_wconf 68' lang='grc'><strong>(3.37.</strong></span> <span class='ocrx_word' id='word_1_349' title='bbox 1827 1476 1842 1502; x_wconf 89' lang='lat'>‘</span> <span class='ocrx_word' id='word_1_350' title='bbox 1861 1475 1924 1525; x_wconf 87' lang='lat' dir='ltr'>C.</span> <span class='ocrx_word' id='word_1_351' title='bbox 1942 1474 2297 1536; x_wconf 82' lang='lat' dir='ltr'>Sempronius,</span> <span class='ocrx_word' id='word_1_352' title='bbox 2326 1475 2409 1523; x_wconf 91' lang='lat' dir='ltr'>cui</span> <span class='ocrx_word' id='word_1_353' title='bbox 2430 1487 2496 1522; x_wconf 89' lang='lat' dir='ltr'>ea</span> <span class='ocrx_word' id='word_1_354' title='bbox 2518 1486 2639 1537; x_wconf 74' lang='lat' dir='ltr'>pro-</span> 
     </span>
     <span class='ocr_line' id='line_1_66' title="bbox 1564 1552 2641 1614; baseline -0.003 -12"><span class='ocrx_word' id='word_1_355' title='bbox 1564 1552 1742 1602; x_wconf 83' lang='lat' dir='ltr'>vincia</span> <span class='ocrx_word' id='word_1_356' title='bbox 1782 1559 1926 1602; x_wconf 84' lang='lat' dir='ltr'>sorte</span> <span class='ocrx_word' id='word_1_357' title='bbox 1969 1552 2166 1613; x_wconf 76' lang='lat' dir='ltr'>evenit,</span> <span class='ocrx_word' id='word_1_358' title='bbox 2213 1557 2477 1614; x_wconf 81' lang='lat' dir='ltr'>tamqnam</span> <span class='ocrx_word' id='word_1_359' title='bbox 2520 1563 2641 1599; x_wconf 80' lang='lat' dir='ltr'>con-</span> 
     </span>
     <span class='ocr_line' id='line_1_67' title="bbox 1565 1625 2640 1686; baseline -0.006 -5"><span class='ocrx_word' id='word_1_360' title='bbox 1565 1629 1882 1681; x_wconf 80' lang='lat' dir='ltr'>stantissima</span> <span class='ocrx_word' id='word_1_361' title='bbox 1903 1643 1978 1686; x_wconf 85' lang='lat' dir='ltr'>re,</span> <span class='ocrx_word' id='word_1_362' title='bbox 2001 1627 2209 1678; x_wconf 82' lang='lat' dir='ltr'>fortuna</span> <span class='ocrx_word' id='word_1_363' title='bbox 2229 1625 2449 1677; x_wconf 84' lang='lat' dir='ltr'>fretus·’</span> <span class='ocrx_word' id='word_1_364' title='bbox 2484 1626 2561 1676; x_wconf 87' lang='lat' dir='ltr'>ita</span> <span class='ocrx_word' id='word_1_365' title='bbox 2584 1631 2640 1675; x_wconf 92' lang='lat' dir='ltr'>et</span> 
     </span>
     <span class='ocr_line' id='line_1_68' title="bbox 1568 1702 2643 1767; baseline -0.004 -13"><span class='ocrx_word' id='word_1_366' title='bbox 1568 1706 1644 1757; x_wconf 89' lang='lat' dir='ltr'>ibi</span> <span class='ocrx_word' id='word_1_367' title='bbox 1683 1705 1980 1759; x_wconf 82' lang='lat' dir='ltr'>Gronovius</span> <span class='ocrx_word' id='word_1_368' title='bbox 2022 1703 2350 1755; x_wconf 84' lang='lat' dir='ltr'>scribendum</span> <span class='ocrx_word' id='word_1_369' title='bbox 2390 1702 2643 1767; x_wconf 79' lang='lat' dir='ltr'>conjecit,</span> 
     </span>
     <span class='ocr_line' id='line_1_69' title="bbox 1569 1780 2640 1848; baseline -0.003 -17"><span class='ocrx_word' id='word_1_370' title='bbox 1569 1795 1727 1848; x_wconf 86' lang='lat' dir='ltr'>quum</span> <span class='ocrx_word' id='word_1_371' title='bbox 1769 1788 1927 1831; x_wconf 87' lang='lat' dir='ltr'>antea</span> <span class='ocrx_word' id='word_1_372' title='bbox 1958 1780 2207 1830; x_wconf 86' lang='lat' dir='ltr'>ederetur</span> <span class='ocrx_word' id='word_1_373' title='bbox 2240 1780 2640 1830; x_wconf 70' lang='lat' dir='ltr'>wastantissimoe</span> 
     </span>
     <span class='ocr_line' id='line_1_70' title="bbox 1568 1855 2643 1921; baseline -0.004 -14"><span class='ocrx_word' id='word_1_374' title='bbox 1568 1859 1644 1908; x_wconf 77' lang='lat' dir='ltr'>rei</span> <span class='ocrx_word' id='word_1_375' title='bbox 1669 1858 1896 1921; x_wconf 62' lang='lat' dir='ltr'>forman,</span> <span class='ocrx_word' id='word_1_376' title='bbox 1939 1864 1995 1909; x_wconf 89' lang='lat' dir='ltr'>et</span> <span class='ocrx_word' id='word_1_377' title='bbox 2035 1857 2316 1907; x_wconf 81' lang='lat' dir='ltr'>Rhenanus</span> <span class='ocrx_word' id='word_1_378' title='bbox 2354 1855 2643 1906; x_wconf 87' lang='lat' dir='ltr'>emendan</span> 
     </span>
     <span class='ocr_line' id='line_1_71' title="bbox 1572 1933 2641 1996; baseline -0.004 -12"><span class='ocrx_word' id='word_1_379' title='bbox 1572 1934 1694 1986; x_wconf 85' lang='lat' dir='ltr'>dnm</span> <span class='ocrx_word' id='word_1_380' title='bbox 1713 1936 2008 1985; x_wconf 83' lang='lat' dir='ltr'>censuisset</span> <span class='ocrx_word' id='word_1_381' title='bbox 2019 1935 2414 1984; x_wconf 71' lang='lat' dir='ltr'>constantissimoe</span> <span class='ocrx_word' id='word_1_382' title='bbox 2426 1933 2519 1996; x_wconf 79' lang='lat' dir='ltr'>rei,</span> <span class='ocrx_word' id='word_1_383' title='bbox 2527 1934 2641 1992; x_wconf 84' lang='lat' dir='ltr'>sor-</span> 
     </span>
     <span class='ocr_line' id='line_1_72' title="bbox 1571 2010 2643 2077; baseline -0.004 -14"><span class='ocrx_word' id='word_1_384' title='bbox 1571 2019 1699 2063; x_wconf 74' lang='lat' dir='ltr'>tunae</span> <span class='ocrx_word' id='word_1_385' title='bbox 1716 2012 1899 2073; x_wconf 78' lang='lat' dir='ltr'>fretus.</span> <span class='ocrx_word' id='word_1_386' title='bbox 1965 2011 2101 2062; x_wconf 86' lang='lat' dir='ltr'>Vide</span> <span class='ocrx_word' id='word_1_387' title='bbox 2125 2026 2244 2077; x_wconf 78' lang='lat' dir='ltr'>quae</span> <span class='ocrx_word' id='word_1_388' title='bbox 2279 2010 2350 2060; x_wconf 91' lang='lat' dir='ltr'>ibi</span> <span class='ocrx_word' id='word_1_389' title='bbox 2376 2013 2528 2074; x_wconf 86' lang='lat' dir='ltr'>plura</span> <span class='ocrx_word' id='word_1_390' title='bbox 2548 2023 2643 2059; x_wconf 86' lang='lat' dir='ltr'>no-</span> 
     </span>
     <span class='ocr_line' id='line_1_73' title="bbox 1571 2085 2643 2151; baseline -0.002 -11"><span class='ocrx_word' id='word_1_391' title='bbox 1571 2096 1771 2140; x_wconf 87' lang='lat' dir='ltr'>tantur.</span> <span class='ocrx_word' id='word_1_392' title='bbox 1837 2090 1992 2140; x_wconf 81' lang='lat' dir='ltr'>Nullu</span> <span class='ocrx_word' id='word_1_393' title='bbox 2010 2103 2066 2139; x_wconf 79' lang='lat' dir='ltr'>re</span> <span class='ocrx_word' id='word_1_394' title='bbox 2092 2090 2190 2138; x_wconf 85' lang='lat' dir='ltr'>boc</span> <span class='ocrx_word' id='word_1_395' title='bbox 2215 2089 2327 2138; x_wconf 85' lang='lat' dir='ltr'>loco</span> <span class='ocrx_word' id='word_1_396' title='bbox 2350 2085 2643 2151; x_wconf 79' lang='lat' dir='ltr'>praefernnt</span> 
     </span>
     <span class='ocr_line' id='line_1_74' title="bbox 1573 2163 2642 2217; baseline -0.005 0"><span class='ocrx_word' id='word_1_397' title='bbox 1573 2167 1701 2217; x_wconf 82' lang='lat' dir='ltr'>Lov.</span> <span class='ocrx_word' id='word_1_398' title='bbox 1719 2169 1768 2216; x_wconf 90' lang='grc'><strong>2.</strong></span> <span class='ocrx_word' id='word_1_399' title='bbox 1791 2171 1847 2215; x_wconf 89' lang='lat' dir='ltr'>et</span> <span class='ocrx_word' id='word_1_400' title='bbox 1865 2170 1917 2215; x_wconf 79' lang='lat'>4.</span> <span class='ocrx_word' id='word_1_401' title='bbox 1980 2166 2083 2215; x_wconf 88' lang='lat' dir='ltr'>Sed</span> <span class='ocrx_word' id='word_1_402' title='bbox 2107 2166 2226 2214; x_wconf 80' lang='lat' dir='ltr'>nulli</span> <span class='ocrx_word' id='word_1_403' title='bbox 2246 2163 2642 2214; x_wconf 75' lang='lat' dir='ltr'>reicons&#39;tanter</span> 
     </span>
     <span class='ocr_line' id='line_1_75' title="bbox 1572 2237 2641 2306; baseline -0.003 -13"><span class='ocrx_word' id='word_1_404' title='bbox 1572 2250 1790 2293; x_wconf 83' lang='lat' dir='ltr'>servant</span> <span class='ocrx_word' id='word_1_405' title='bbox 1805 2242 1989 2306; x_wconf 78' lang='lat' dir='ltr'>reliqui</span> <span class='ocrx_word' id='word_1_406' title='bbox 2014 2255 2190 2292; x_wconf 86' lang='lat' dir='ltr'>omnes</span> <span class='ocrx_word' id='word_1_407' title='bbox 2205 2241 2359 2291; x_wconf 88' lang='lat' dir='ltr'>codd.</span> <span class='ocrx_word' id='word_1_408' title='bbox 2381 2240 2478 2289; x_wconf 87' lang='lat' dir='ltr'>nisi</span> <span class='ocrx_word' id='word_1_409' title='bbox 2503 2237 2641 2305; x_wconf 74' lang='lat' dir='ltr'>quod</span> 
     </span>
     <span class='ocr_line' id='line_1_76' title="bbox 1575 2317 2643 2383; baseline -0.003 -14"><span class='ocrx_word' id='word_1_410' title='bbox 1575 2321 1728 2383; x_wconf 85' lang='lat' dir='ltr'>pejus</span> <span class='ocrx_word' id='word_1_411' title='bbox 1751 2319 1919 2369; x_wconf 85' lang='lat' dir='ltr'>adhuc</span> <span class='ocrx_word' id='word_1_412' title='bbox 1941 2318 2115 2368; x_wconf 71' lang='lat' dir='ltr'>annius</span> <span class='ocrx_word' id='word_1_413' title='bbox 2135 2318 2207 2368; x_wconf 84' lang='lat' dir='ltr'>rei</span> <span class='ocrx_word' id='word_1_414' title='bbox 2241 2318 2308 2366; x_wconf 83' lang='lat' dir='ltr'>sit</span> <span class='ocrx_word' id='word_1_415' title='bbox 2345 2318 2397 2366; x_wconf 88' lang='lat' dir='ltr'>in</span> <span class='ocrx_word' id='word_1_416' title='bbox 2426 2317 2562 2366; x_wconf 82' lang='lat' dir='ltr'>Hav.</span> <span class='ocrx_word' id='word_1_417' title='bbox 2586 2325 2643 2366; x_wconf 89' lang='lat' dir='ltr'>et</span> 
     </span>
     <span class='ocr_line' id='line_1_77' title="bbox 1576 2394 2645 2460; baseline -0.006 -12"><span class='ocrx_word' id='word_1_418' title='bbox 1576 2397 1726 2448; x_wconf 88' lang='lat' dir='ltr'>Harl.</span> <span class='ocrx_word' id='word_1_419' title='bbox 1748 2400 1795 2446; x_wconf 89' lang='grc'>2.</span> <span class='ocrx_word' id='word_1_420' title='bbox 1829 2397 1962 2446; x_wconf 77' lang='lat' dir='ltr'>nullu</span> <span class='ocrx_word' id='word_1_421' title='bbox 1983 2409 2036 2446; x_wconf 86' lang='lat' dir='ltr'>re</span> <span class='ocrx_word' id='word_1_422' title='bbox 2052 2396 2163 2460; x_wconf 83' lang='lat' dir='ltr'>jam</span> <span class='ocrx_word' id='word_1_423' title='bbox 2187 2394 2473 2444; x_wconf 83' lang='lat' dir='ltr'>Ascensius</span> <span class='ocrx_word' id='word_1_424' title='bbox 2500 2396 2645 2442; x_wconf 68' lang='lat'>151³.</span> 
     </span>
     <span class='ocr_line' id='line_1_78' title="bbox 1575 2470 2644 2534; baseline -0.006 -10"><span class='ocrx_word' id='word_1_425' title='bbox 1575 2480 1631 2524; x_wconf 90' lang='lat' dir='ltr'>et</span> <span class='ocrx_word' id='word_1_426' title='bbox 1657 2478 1802 2524; x_wconf 81' lang='lat'>1516.</span> <span class='ocrx_word' id='word_1_427' title='bbox 1827 2474 1878 2522; x_wconf 90' lang='lat' dir='ltr'>in</span> <span class='ocrx_word' id='word_1_428' title='bbox 1902 2480 2206 2522; x_wconf 80' lang='lat' dir='ltr'>contextum</span> <span class='ocrx_word' id='word_1_429' title='bbox 2231 2470 2456 2534; x_wconf 87' lang='lat' dir='ltr'>recepit,</span> <span class='ocrx_word' id='word_1_430' title='bbox 2476 2472 2644 2519; x_wconf 83' lang='lat' dir='ltr'>altera</span> 
     </span>
     <span class='ocr_line' id='line_1_79' title="bbox 1576 2546 2645 2613; baseline -0.003 -14"><span class='ocrx_word' id='word_1_431' title='bbox 1576 2551 1805 2600; x_wconf 83' lang='lat' dir='ltr'>lectione</span> <span class='ocrx_word' id='word_1_432' title='bbox 1837 2550 1890 2599; x_wconf 91' lang='lat' dir='ltr'>in</span> <span class='ocrx_word' id='word_1_433' title='bbox 1927 2549 2212 2613; x_wconf 81' lang='lat' dir='ltr'>marginem</span> <span class='ocrx_word' id='word_1_434' title='bbox 2249 2548 2470 2611; x_wconf 77' lang='lat' dir='ltr'>rejecta.</span> <span class='ocrx_word' id='word_1_435' title='bbox 2538 2546 2645 2602; x_wconf 84' lang='lat' dir='ltr'>Sed</span> 
     </span>
     <span class='ocr_line' id='line_1_80' title="bbox 1576 2625 2648 2691; baseline -0.006 -12"><span class='ocrx_word' id='word_1_436' title='bbox 1576 2628 1836 2679; x_wconf 87' lang='lat' dir='ltr'>neminem</span> <span class='ocrx_word' id='word_1_437' title='bbox 1878 2626 2085 2687; x_wconf 86' lang='lat' dir='ltr'>habuit,</span> <span class='ocrx_word' id='word_1_438' title='bbox 2123 2627 2220 2691; x_wconf 56' lang='lat' dir='ltr'>‘qui</span> <span class='ocrx_word' id='word_1_439' title='bbox 2267 2625 2500 2675; x_wconf 85' lang='lat' dir='ltr'>imitatus</span> <span class='ocrx_word' id='word_1_440' title='bbox 2546 2629 2648 2684; x_wconf 89' lang='lat' dir='ltr'>est,</span> 
     </span>
     <span class='ocr_line' id='line_1_81' title="bbox 1577 2701 2650 2769; baseline -0.003 -15"><span class='ocrx_word' id='word_1_441' title='bbox 1577 2713 1926 2769; x_wconf 68' lang='lat' dir='ltr'>praeterquam</span> <span class='ocrx_word' id='word_1_442' title='bbox 1949 2703 2215 2753; x_wconf 82' lang='lat' dir='ltr'>Parisinos</span> <span class='ocrx_word' id='word_1_443' title='bbox 2238 2706 2383 2752; x_wconf 86' lang='lat'>1529.</span> <span class='ocrx_word' id='word_1_444' title='bbox 2441 2701 2650 2752; x_wconf 88' lang='lat' dir='ltr'>Deinde</span> 
     </span>
     <span class='ocr_line' id='line_1_82' title="bbox 1576 2776 2649 2844; baseline 0 -14"><span class='ocrx_word' id='word_1_445' title='bbox 1576 2786 1750 2844; x_wconf 73' lang='lat' dir='ltr'>prater</span> <span class='ocrx_word' id='word_1_446' title='bbox 1763 2794 1955 2829; x_wconf 80' lang='lat' dir='ltr'>numero</span> <span class='ocrx_word' id='word_1_447' title='bbox 1972 2778 2123 2831; x_wconf 84' lang='lat' dir='ltr'>Leid.</span> <span class='ocrx_word' id='word_1_448' title='bbox 2141 2780 2190 2830; x_wconf 85' lang='grc'>2.</span> <span class='ocrx_word' id='word_1_449' title='bbox 2206 2784 2260 2829; x_wconf 88' lang='lat' dir='ltr'>et</span> <span class='ocrx_word' id='word_1_450' title='bbox 2280 2778 2408 2828; x_wconf 85' lang='lat' dir='ltr'>Lov.</span> <span class='ocrx_word' id='word_1_451' title='bbox 2429 2781 2478 2830; x_wconf 88' lang='lat'>1.</span> <span class='ocrx_word' id='word_1_452' title='bbox 2512 2776 2649 2830; x_wconf 80' lang='lat' dir='ltr'>vide</span> 
     </span>
     <span class='ocr_line' id='line_1_83' title="bbox 1580 2856 1975 2919; baseline 0 -13"><span class='ocrx_word' id='word_1_453' title='bbox 1580 2856 1644 2906; x_wconf 87' lang='lat' dir='ltr'>ad</span> <span class='ocrx_word' id='word_1_454' title='bbox 1668 2871 1719 2907; x_wconf 92' lang='lat' dir='ltr'>v.</span> <span class='ocrx_word' id='word_1_455' title='bbox 1744 2859 1825 2907; x_wconf 80' lang='grc'>62.</span> <span class='ocrx_word' id='word_1_456' title='bbox 1848 2858 1872 2919; x_wconf 83' lang='lat'><em>§</em></span> <span class='ocrx_word' id='word_1_457' title='bbox 1895 2860 1975 2906; x_wconf 77' lang='lat'>13.</span> 
     </span>
    </p>

    <p class='ocr_par' dir='ltr' id='par_1_11' title="bbox 1574 2932 2658 3535">
     <span class='ocr_line' id='line_1_84' title="bbox 1644 2932 2651 2997; baseline -0.003 -13"><span class='ocrx_word' id='word_1_458' title='bbox 1644 2935 1718 2984; x_wconf 80' lang='lat' dir='ltr'>Et</span> <span class='ocrx_word' id='word_1_459' title='bbox 1752 2933 1901 2983; x_wconf 76' lang='lat' dir='ltr'>oculis</span> <span class='ocrx_word' id='word_1_460' title='bbox 1943 2939 2190 2997; x_wconf 73' lang='lat' dir='ltr'>utrumque</span> <span class='ocrx_word' id='word_1_461' title='bbox 2229 2933 2432 2982; x_wconf 72' lang='lat' dir='ltr'>metiens</span> <span class='ocrx_word' id='word_1_462' title='bbox 2472 2932 2651 2996; x_wconf 82' lang='lat' dir='ltr'>aciem]</span> 
     </span>
     <span class='ocr_line' id='line_1_85' title="bbox 1580 3008 2654 3073; baseline -0.004 -12"><span class='ocrx_word' id='word_1_463' title='bbox 1580 3009 1782 3073; x_wconf 87' lang='lat' dir='ltr'>Copula</span> <span class='ocrx_word' id='word_1_464' title='bbox 1802 3016 1857 3068; x_wconf 62' lang='lat' dir='ltr'>et,</span> <span class='ocrx_word' id='word_1_465' title='bbox 1873 3008 2052 3059; x_wconf 80' lang='lat' dir='ltr'>deficit</span> <span class='ocrx_word' id='word_1_466' title='bbox 2075 3009 2126 3057; x_wconf 91' lang='lat' dir='ltr'>in</span> <span class='ocrx_word' id='word_1_467' title='bbox 2151 3009 2300 3058; x_wconf 82' lang='lat' dir='ltr'>Harl.</span> <span class='ocrx_word' id='word_1_468' title='bbox 2323 3012 2371 3058; x_wconf 92' lang='lat'>1.</span> <span class='ocrx_word' id='word_1_469' title='bbox 2412 3016 2469 3059; x_wconf 90' lang='lat' dir='ltr'>et</span> <span class='ocrx_word' id='word_1_470' title='bbox 2501 3009 2654 3059; x_wconf 89' lang='lat' dir='ltr'>editis</span> 
     </span>
     <span class='ocr_line' id='line_1_86' title="bbox 1581 3083 2652 3150; baseline 0.001 -15"><span class='ocrx_word' id='word_1_471' title='bbox 1581 3086 1856 3150; x_wconf 87' lang='lat' dir='ltr'>prioribus.</span> <span class='ocrx_word' id='word_1_472' title='bbox 1920 3083 2087 3135; x_wconf 87' lang='lat' dir='ltr'>Aldus</span> <span class='ocrx_word' id='word_1_473' title='bbox 2110 3099 2225 3134; x_wconf 89' lang='lat' dir='ltr'>eam</span> <span class='ocrx_word' id='word_1_474' title='bbox 2248 3084 2480 3148; x_wconf 88' lang='lat' dir='ltr'>addidit,</span> <span class='ocrx_word' id='word_1_475' title='bbox 2501 3099 2652 3148; x_wconf 85' lang='lat' dir='ltr'>quam</span> 
     </span>
     <span class='ocr_line' id='line_1_87' title="bbox 1581 3162 2654 3226; baseline 0 -15"><span class='ocrx_word' id='word_1_476' title='bbox 1581 3162 1741 3212; x_wconf 84' lang='lat' dir='ltr'>etiam</span> <span class='ocrx_word' id='word_1_477' title='bbox 1760 3163 1944 3225; x_wconf 85' lang='lat' dir='ltr'>scripti</span> <span class='ocrx_word' id='word_1_478' title='bbox 1971 3162 2155 3226; x_wconf 85' lang='lat' dir='ltr'>reliqui</span> <span class='ocrx_word' id='word_1_479' title='bbox 2178 3170 2408 3211; x_wconf 82' lang='lat' dir='ltr'>servant.</span> <span class='ocrx_word' id='word_1_480' title='bbox 2447 3162 2654 3213; x_wconf 88' lang='lat' dir='ltr'>Deinde</span> 
     </span>
     <span class='ocr_line' id='line_1_88' title="bbox 1579 3240 2656 3304; baseline 0.001 -13"><span class='ocrx_word' id='word_1_481' title='bbox 1579 3246 1831 3304; x_wconf 75' lang='lat' dir='ltr'>utcumque</span> <span class='ocrx_word' id='word_1_482' title='bbox 1852 3241 2050 3290; x_wconf 80' lang='lat' dir='ltr'>metiens</span> <span class='ocrx_word' id='word_1_483' title='bbox 2068 3240 2214 3290; x_wconf 87' lang='lat' dir='ltr'>Port.</span> <span class='ocrx_word' id='word_1_484' title='bbox 2264 3241 2405 3291; x_wconf 89' lang='lat' dir='ltr'>Vide</span> <span class='ocrx_word' id='word_1_485' title='bbox 2429 3241 2497 3291; x_wconf 85' lang='lat' dir='ltr'>ad</span> <span class='ocrx_word' id='word_1_486' title='bbox 2525 3255 2656 3293; x_wconf 84' lang='lat' dir='ltr'>vm.</span> 
     </span>
     <span class='ocr_line' id='line_1_89' title="bbox 1579 3318 2658 3382; baseline 0.003 -16"><span class='ocrx_word' id='word_1_487' title='bbox 1579 3321 1662 3367; x_wconf 83' lang='grc'>24.</span> <span class='ocrx_word' id='word_1_488' title='bbox 1703 3320 1732 3382; x_wconf 78' lang='lat'>§</span> <span class='ocrx_word' id='word_1_489' title='bbox 1771 3321 1849 3368; x_wconf 83' lang='lat'>15.</span> <span class='ocrx_word' id='word_1_490' title='bbox 1934 3318 2208 3368; x_wconf 73' lang='lat' dir='ltr'>Praeterea</span> <span class='ocrx_word' id='word_1_491' title='bbox 2253 3320 2454 3368; x_wconf 72' lang='lat' dir='ltr'>metiens</span> <span class='ocrx_word' id='word_1_492' title='bbox 2498 3332 2658 3370; x_wconf 73' lang='lat' dir='ltr'>arcem</span> 
     </span>
     <span class='ocr_line' id='line_1_90' title="bbox 1581 3392 2656 3459; baseline -0.001 -15"><span class='ocrx_word' id='word_1_493' title='bbox 1581 3393 1730 3444; x_wconf 68' lang='lat' dir='ltr'>Leia.</span> <span class='ocrx_word' id='word_1_494' title='bbox 1750 3396 1803 3444; x_wconf 80' lang='lat'>2.</span> <span class='ocrx_word' id='word_1_495' title='bbox 1869 3393 2003 3442; x_wconf 83' lang='lat' dir='ltr'>Vide</span> <span class='ocrx_word' id='word_1_496' title='bbox 2027 3392 2093 3442; x_wconf 90' lang='lat' dir='ltr'>ad</span> <span class='ocrx_word' id='word_1_497' title='bbox 2116 3407 2222 3444; x_wconf 74' lang='lat' dir='ltr'>vn.</span> <span class='ocrx_word' id='word_1_498' title='bbox 2248 3398 2327 3443; x_wconf 93' lang='grc'>11.</span> <span class='ocrx_word' id='word_1_499' title='bbox 2353 3397 2381 3459; x_wconf 56' lang='grc' dir='ltr'>ᾗ</span> <span class='ocrx_word' id='word_1_500' title='bbox 2403 3399 2455 3448; x_wconf 77' lang='grc'>7.</span> <span class='ocrx_word' id='word_1_501' title='bbox 2525 3396 2656 3446; x_wconf 84' lang='lat' dir='ltr'>Mox</span> 
     </span>
     <span class='ocr_line' id='line_1_91' title="bbox 1574 3469 2654 3535; baseline 0.004 -17"><span class='ocrx_word' id='word_1_502' title='bbox 1574 3469 1798 3535; x_wconf 78' lang='lat' dir='ltr'>proelium</span> <span class='ocrx_word' id='word_1_503' title='bbox 1836 3475 2008 3520; x_wconf 79' lang='lat' dir='ltr'>temere</span> <span class='ocrx_word' id='word_1_504' title='bbox 2041 3470 2158 3521; x_wconf 70' lang='lat' dir='ltr'>iniit</span> <span class='ocrx_word' id='word_1_505' title='bbox 2190 3470 2291 3520; x_wconf 89' lang='lat' dir='ltr'>alio</span> <span class='ocrx_word' id='word_1_506' title='bbox 2314 3471 2499 3522; x_wconf 87' lang='lat' dir='ltr'>ordine</span> <span class='ocrx_word' id='word_1_507' title='bbox 2523 3473 2654 3522; x_wconf 82' lang='lat' dir='ltr'>Lov.</span> 
     </span>
    </p>

    <p class='ocr_par' dir='ltr' id='par_1_12' title="bbox 1578 3611 2657 4299">
     <span class='ocr_line' id='line_1_92' title="bbox 1650 3611 2657 3689; baseline 0.004 -18"><span class='ocrx_word' id='word_1_508' title='bbox 1650 3625 1679 3688; x_wconf 58' lang='grc' dir='ltr'><strong>ς</strong></span> <span class='ocrx_word' id='word_1_509' title='bbox 1698 3627 1730 3672; x_wconf 87' lang='grc'><strong>2</strong></span> <span class='ocrx_word' id='word_1_510' title='bbox 1769 3611 1985 3673; x_wconf 75' lang='lat' dir='ltr'>Clamore</span> <span class='ocrx_word' id='word_1_511' title='bbox 2005 3628 2192 3674; x_wconf 76' lang='lat' dir='ltr'>tantum</span> <span class='ocrx_word' id='word_1_512' title='bbox 2213 3623 2565 3689; x_wconf 77' lang='lat' dir='ltr'>missilibusque</span> <span class='ocrx_word' id='word_1_513' title='bbox 2587 3631 2657 3675; x_wconf 68' lang='lat' dir='ltr'>te-</span> 
     </span>
     <span class='ocr_line' id='line_1_93' title="bbox 1578 3698 2655 3766; baseline 0.006 -18"><span class='ocrx_word' id='word_1_514' title='bbox 1578 3698 1668 3762; x_wconf 81' lang='lat' dir='ltr'>lis]</span> <span class='ocrx_word' id='word_1_515' title='bbox 1695 3699 2055 3766; x_wconf 68' lang='lat' dir='ltr'>Missilibusque</span> <span class='ocrx_word' id='word_1_516' title='bbox 2074 3705 2124 3749; x_wconf 77' lang='lat' dir='ltr'>et</span> <span class='ocrx_word' id='word_1_517' title='bbox 2144 3703 2253 3750; x_wconf 72' lang='lat' dir='ltr'>tetis</span> <span class='ocrx_word' id='word_1_518' title='bbox 2269 3703 2422 3753; x_wconf 81' lang='lat' dir='ltr'>Voss.</span> <span class='ocrx_word' id='word_1_519' title='bbox 2440 3705 2487 3753; x_wconf 89' lang='lat'>1.</span> <span class='ocrx_word' id='word_1_520' title='bbox 2506 3701 2655 3754; x_wconf 77' lang='lat' dir='ltr'>Leid.</span> 
     </span>
     <span class='ocr_line' id='line_1_94' title="bbox 1583 3777 2654 3842; baseline 0.002 -17"><span class='ocrx_word' id='word_1_521' title='bbox 1583 3780 1632 3826; x_wconf 85' lang='grc'>2.</span> <span class='ocrx_word' id='word_1_522' title='bbox 1655 3784 1712 3830; x_wconf 85' lang='lat' dir='ltr'>et</span> <span class='ocrx_word' id='word_1_523' title='bbox 1747 3777 1943 3825; x_wconf 89' lang='lat' dir='ltr'>Lov.1.</span> <span class='ocrx_word' id='word_1_524' title='bbox 1979 3792 2042 3826; x_wconf 89' lang='lat' dir='ltr'>ac</span> <span class='ocrx_word' id='word_1_525' title='bbox 2081 3782 2131 3828; x_wconf 86' lang='grc'>2.</span> <span class='ocrx_word' id='word_1_526' title='bbox 2200 3778 2275 3827; x_wconf 83' lang='lat' dir='ltr'>At</span> <span class='ocrx_word' id='word_1_527' title='bbox 2296 3779 2449 3842; x_wconf 83' lang='lat' dir='ltr'>longe</span> <span class='ocrx_word' id='word_1_528' title='bbox 2471 3780 2654 3832; x_wconf 81' lang='lat' dir='ltr'>melius</span> 
     </span>
     <span class='ocr_line' id='line_1_95' title="bbox 1582 3851 2654 3904; baseline -0.001 -3"><span class='ocrx_word' id='word_1_529' title='bbox 1582 3851 1643 3904; x_wconf 73' lang='grc' dir='ltr'>τὸ</span> <span class='ocrx_word' id='word_1_530' title='bbox 1669 3858 1718 3904; x_wconf 79' lang='lat' dir='ltr'>et</span> <span class='ocrx_word' id='word_1_531' title='bbox 1753 3852 1932 3903; x_wconf 85' lang='lat' dir='ltr'>deficit</span> <span class='ocrx_word' id='word_1_532' title='bbox 1974 3855 2025 3903; x_wconf 88' lang='lat' dir='ltr'>in</span> <span class='ocrx_word' id='word_1_533' title='bbox 2065 3853 2179 3903; x_wconf 85' lang='lat' dir='ltr'>aliis</span> <span class='ocrx_word' id='word_1_534' title='bbox 2219 3854 2457 3903; x_wconf 88' lang='lat' dir='ltr'>omnibus</span> <span class='ocrx_word' id='word_1_535' title='bbox 2494 3854 2654 3903; x_wconf 83' lang='lat' dir='ltr'>libris.</span> 
     </span>
     <span class='ocr_line' id='line_1_96' title="bbox 1584 3928 2654 3996; baseline 0.001 -18"><span class='ocrx_word' id='word_1_536' title='bbox 1584 3928 1812 3993; x_wconf 86' lang='lat' dir='ltr'>Proprie</span> <span class='ocrx_word' id='word_1_537' title='bbox 1834 3929 2039 3994; x_wconf 89' lang='lat' dir='ltr'>quidem</span> <span class='ocrx_word' id='word_1_538' title='bbox 2070 3929 2240 3980; x_wconf 86' lang='lat' dir='ltr'>‘tela’</span> <span class='ocrx_word' id='word_1_539' title='bbox 2272 3929 2506 3987; x_wconf 83' lang='lat' dir='ltr'>suerunt,</span> <span class='ocrx_word' id='word_1_540' title='bbox 2540 3931 2654 3996; x_wconf 88' lang='lat' dir='ltr'>qni·-</span> 
     </span>
     <span class='ocr_line' id='line_1_97' title="bbox 1583 4007 2655 4071; baseline 0.002 -14"><span class='ocrx_word' id='word_1_541' title='bbox 1583 4007 1679 4057; x_wconf 90' lang='lat' dir='ltr'>bus</span> <span class='ocrx_word' id='word_1_542' title='bbox 1702 4008 1901 4056; x_wconf 86' lang='lat' dir='ltr'>eminus</span> <span class='ocrx_word' id='word_1_543' title='bbox 1939 4008 2291 4071; x_wconf 83' lang='lat' dir='ltr'>pugnabatur,</span> <span class='ocrx_word' id='word_1_544' title='bbox 2328 4023 2441 4071; x_wconf 79' lang='lat' dir='ltr'>qnae</span> <span class='ocrx_word' id='word_1_545' title='bbox 2480 4009 2655 4061; x_wconf 83' lang='lat' dir='ltr'>emitti</span> 
     </span>
     <span class='ocr_line' id='line_1_98' title="bbox 1585 4082 2651 4147; baseline 0.002 -17"><span class='ocrx_word' id='word_1_546' title='bbox 1585 4082 1637 4130; x_wconf 89' lang='lat' dir='ltr'>in</span> <span class='ocrx_word' id='word_1_547' title='bbox 1659 4082 1860 4131; x_wconf 80' lang='lat' dir='ltr'>hostem</span> <span class='ocrx_word' id='word_1_548' title='bbox 1884 4082 2140 4144; x_wconf 81' lang='lat' dir='ltr'>solebant,</span> <span class='ocrx_word' id='word_1_549' title='bbox 2174 4083 2456 4134; x_wconf 82' lang='lat' dir='ltr'>secundnm</span> <span class='ocrx_word' id='word_1_550' title='bbox 2477 4084 2651 4147; x_wconf 82' lang='lat' dir='ltr'>vulga-</span> 
     </span>
     <span class='ocr_line' id='line_1_99' title="bbox 1587 4158 2651 4225; baseline 0.004 -18"><span class='ocrx_word' id='word_1_551' title='bbox 1587 4172 1694 4208; x_wconf 87' lang='lat' dir='ltr'>rem</span> <span class='ocrx_word' id='word_1_552' title='bbox 1717 4158 2009 4221; x_wconf 85' lang='lat' dir='ltr'>opinionem</span> <span class='ocrx_word' id='word_1_553' title='bbox 2033 4159 2107 4207; x_wconf 85' lang='lat' dir='ltr'>ita</span> <span class='ocrx_word' id='word_1_554' title='bbox 2130 4158 2291 4215; x_wconf 85' lang='lat' dir='ltr'>dicta,</span> <span class='ocrx_word' id='word_1_555' title='bbox 2324 4160 2462 4225; x_wconf 88' lang='lat' dir='ltr'>quod</span> <span class='ocrx_word' id='word_1_556' title='bbox 2483 4160 2651 4221; x_wconf 67' lang='grc' dir='ltr'><strong><em>τηλόθι</em></strong></span> 
     </span>
     <span class='ocr_line' id='line_1_100' title="bbox 1582 4225 2647 4299; baseline 0.007 -16"><span class='ocrx_word' id='word_1_557' title='bbox 1582 4235 1694 4284; x_wconf 83' lang='lat' dir='ltr'>sive</span> <span class='ocrx_word' id='word_1_558' title='bbox 1726 4232 1939 4293; x_wconf 76' lang='grc' dir='ltr'>τηλόθεν</span> <span class='ocrx_word' id='word_1_559' title='bbox 1972 4235 2252 4285; x_wconf 86' lang='lat' dir='ltr'>mittantur</span> <span class='ocrx_word' id='word_1_560' title='bbox 2269 4225 2291 4299; x_wconf 58' lang='grc' dir='ltr'>ς’</span> <span class='ocrx_word' id='word_1_561' title='bbox 2338 4254 2437 4289; x_wconf 85' lang='lat' dir='ltr'>usu</span> <span class='ocrx_word' id='word_1_562' title='bbox 2478 4246 2647 4290; x_wconf 84' lang='lat' dir='ltr'>tamen</span> 
     </span>
    </p>
   </div>
   <div class='ocr_carea' id='block_1_8' title="bbox 1488 4312 2649 4387">
    <p class='ocr_par' dir='ltr' id='par_1_13' title="bbox 1488 4312 2649 4387">
     <span class='ocr_line' id='line_1_101' title="bbox 1488 4312 2649 4387; baseline 0.003 -21"><span class='ocrx_word' id='word_1_563' title='bbox 1488 4343 1497 4387; x_wconf 75' lang='lat'><em>1</em></span> <span class='ocrx_word' id='word_1_564' title='bbox 1584 4312 1830 4371; x_wconf 84' lang='lat' dir='ltr'>obtinuit,</span> <span class='ocrx_word' id='word_1_565' title='bbox 1865 4320 1924 4366; x_wconf 83' lang='lat' dir='ltr'>ut</span> <span class='ocrx_word' id='word_1_566' title='bbox 1947 4312 2101 4368; x_wconf 82' lang='lat' dir='ltr'>latius</span> <span class='ocrx_word' id='word_1_567' title='bbox 2125 4314 2471 4382; x_wconf 75' lang='lat' dir='ltr'>accipiantur,</span> <span class='ocrx_word' id='word_1_568' title='bbox 2491 4326 2649 4383; x_wconf 80' lang='lat' dir='ltr'>atque</span> 
     </span>
    </p>
   </div>
  </div>
 </body>
</html>
