2934 4925
733 384 806 431 τ.
852 382 1042 430 mvn
1092 381 1290 430 ιιιετ.
1339 381 1487 430 mn.
1537 382 1606 429 v.
1655 384 1819 432 oar».
1863 366 1973 432 47.

239 528 459 591 jungens
478 521 789 579 abstinebant·
811 523 1023 590 praefert
1043 523 1266 576 Gsertn.

285 637 292 644 ,
316 606 560 664 clangore
601 618 763 653 eorum
801 604 1087 666 ⁴ulai-tumme
1130 602 1315 665 crepini

250 682 434 731 excitus
459 682 539 730 M.
555 679 802 742 Manlius]
826 681 967 730 Male
991 680 1108 730 Pal.
1131 679 1182 730 2.·
1212 681 1313 729 ola·

247 774 439 821 rumque
460 758 689 821 strepitu.
715 781 718 786 ·
758 759 1006 809 Ceterum
1027 759 1044 786 ‘
1068 755 1314 820 clangor?

247 843 328 884 est
351 836 655 899 quatumvis
693 836 864 885 avium
903 849 1022 897 vox,
1057 842 1115 884 ut
1137 833 1313 884 notavi

246 910 512 974 Crepund.
537 925 631 961 111.
650 914 735 960 23.
758 910 1043 960 emendans
1064 909 1313 961 Ovidium

245 988 379 1039 Met.
413 989 451 1037 l.
478 1003 588 1039 ιιι.
624 1003 672 1039 v.
692 992 808 1038 528.
840 988 1078 1052 ‘ingenti
1118 987 1311 1038 circum

241 1066 488 1130 clangore
527 1072 794 1117 sonantem
827 1062 1086 1131 Aspexit!
1157 1064 1311 1115 Clau·
1341 1071 1346 1078 '

244 1141 449 1206 dianus,-
487 1145 503 1172 ‘
531 1145 702 1194 avium
751 1145 998 1209 clangore
1041 1140 1314 1206 repertus!

244 1216 511 1270 Diodorus
549 1222 639 1270 lib.
676 1233 798 1272 x1V.
834 1236 887 1283 p.
922 1225 1042 1271 4⁵6.
1074 1222 1230 1279 Χῆναι
1272 1220 1311 1269 δ’

249 1296 360 1360 ἱεροὶ
399 1299 490 1357 τῆς
517 1296 668 1361 Ἥρας
699 1295 994 1363 τρεφόμενοι,
1034 1296 1115 1348 καὶ
1144 1296 1310 1361 Oenopii-

245 1391 412 1425 omes
453 1373 814 1432 ’ἀναβαίνοντας
858 1372 1069 1438 κραυγὴν
1109 1372 1310 1424 etnim.

248 1450 400 1500 Goba.
417 1449 621 1501 ·Aurel.
643 1451 783 1502 Vict.
821 1450 873 1499 in
897 1450 1014 1502 Vir.
1046 1449 1237 1501 Inlust.
1260 1463 1309 1501 e.

246 1530 332 1577 24.ι
367 1534 393 1564 -·‘
413 1526 653 1578 Quadam
677 1534 855 1583 nocte,
889 1528 1132 1589 clangore
1162 1538 1311 1576 unse·
1343 1549 1348 1552 ·

246 1604 314 1653 ris
338 1604 569 1665 excitus,
597 1591 778 1653 Gallos
813 1602 1196 1652 adscendentes
1220 1600 1310 1651 de-

234 1679 407 1743 jecit:
441 1706 447 1711 -
478 1681 665 1731 Florus
690 1696 731 1729 ι.
755 1684 835 1731 13.
871 1685 886 1708 ‘
904 1680 1133 1730 Manlius
1157 1686 1312 1729 noete

240 1758 547 1815 subeuntes,
581 1758 836 1822 clangore
873 1758 1073 1806 anseris
1110 1756 1311 1806 excita·

244 1842 349 1899 tus,
368 1825 400 1885 a
423 1850 624 1886 summa
655 1849 785 1899 rupe
822 1831 1052 1897 dejecit.'
1110 1833 1312 1883 Colum.

240 1927 373 1963 vin.
399 1917 482 1962 13.
536 1912 709 1962 Anser
732 1920 748 1941 ‘
767 1914 1011 1976 clangore
1036 1911 1213 1975 prodit
1236 1912 1313 1961 in-

238 1991 545 2054 sidiantem,
581 1991 719 2040 sicut
750 1991 911 2041 etiam
937 1990 1183 2040 memoria
1208 1997 1311 2041 tra·

239 2070 322 2118 dn-
343 2070 400 2117 in
434 2057 704 2118 obsidione
740 2065 1023 2132 capitoni:
1087 2068 1313 2132 Proprie

238 2153 419 2196 temen
446 2145 732 2210 aquilarum
752 2159 930 2195 sonum
949 2152 965 2176 ·
983 2146 1282 2210 clangorem
1297 2145 1312 2169 ’

236 2223 349 2273 diei
374 2222 545 2272 innuit
569 2230 754 2272 auctor
776 2223 927 2286 Eleg.
964 2222 1032 2272 de
1053 2222 1314 2272 Philome·

237 2304 287 2352 la
305 2316 389 2352 vs.
403 2306 492 2352 27.
512 2307 527 2329 ⁴
544 2302 688 2350 Dum
711 2301 960 2365 clangunt
980 2301 1191 2366 aquile,
1207 2301 1312 2350 vul-

234 2387 323 2432 tnr
368 2379 593 2445 pulpare
639 2379 926 2443 probatur:
976 2380 1048 2429 Et
1092 2379 1317 2429 crocitat

234 2464 453 2519 edrvus,
484 2459 729 2524 graculus
751 2467 806 2508 at
827 2455 1083 2521 frigunt?
1146 2457 1317 2520 Supra

236 2536 394 2587 1324.
464 2538 481 2566 ‘
503 2537 693 2601 Aquila
707 2537 973 2599 suspensis
997 2534 1221 2584 demissa
1241 2536 1316 2584 les

233 2615 381 2664 niter
428 2613 525 2662 alis
570 2615 763 2677 pileum
820 2609 1014 2668 aufert,
1058 2627 1316 2678 superque

234 2700 555 2755 carpentum
586 2706 703 2741 eum
731 2704 917 2752 magno
949 2690 1193 2753 clangore
1231 2704 1315 2739 vo·

234 2770 399 2819 lituus
448 2782 631 2817 rursus
688 2767 854 2832 copiti
898 2773 1022 2830 apte
1075 2763 1315 2830 reponit-⁹

233 2848 461 2897 Sueton.
494 2846 546 2894 in
568 2845 866 2896 Domitiano
888 2859 935 2894 e.
953 2849 1003 2894 6.
1042 2841 1059 2872 ‘
1076 2844 1314 2894 Statuam

237 2924 355 2986 ejus
406 2923 588 2972 Romae
632 2922 843 2984 insignis
887 2920 1062 2986 aquila
1098 2921 1316 2970 circnm-

238 2999 403 3065 plexa
460 2999 651 3063 pennis
712 2999 984 3061 clangores
1034 2997 1317 3048 latissimos

238 3075 448 3126 edidit?
518 3075 657 3124 Hinc
709 3080 933 3130 constat,
996 3088 1151 3138 quani
1194 3086 1317 3122 vere

241 3153 499 3203 Barthins
544 3151 610 3201 ad
654 3152 786 3201 Stat.
844 3151 1003 3202 Theb.
1055 3164 1160 3204 ιιι.
1202 3154 1319 3200 618.

244 3229 539 3293 scripserit,
579 3235 763 3279 vocem
806 3227 824 3256 ‘
848 3226 1097 3290 clangor’
1152 3241 1317 3291 prope

243 3307 523 3370 sigillatim
540 3305 1021 3371 gruum‘clamorem
1047 3304 1319 3355 denotare.

240 3384 330 3432 De
367 3381 585 3442 gruibus
626 3381 888 3431 interdum
922 3381 1178 3445 usurpari,
1216 3395 1318 3431 non

240 3455 497 3507 diffiteor.
534 3457 677 3511 Vide
706 3457 1028 3506 Nimfleins.
1052 3456 1116 3506 ad
1137 3455 1321 3507 Claud.

240 3536 383 3585 Bell.
407 3534 625 3585 Gildon.
649 3549 724 3585 vs.
747 3538 864 3584 4⁷3.
900 3534 1001 3593 -Αι,
1024 3549 1177 3598 grues
1203 3548 1319 3599 pro·

241 3613 359 3674 prie
406 3613 423 3640 ‘
458 3610 692 3674 gruere,’
736 3624 947 3662 anseres
977 3613 993 3640 ‘
1027 3609 1320 3676 gratitare‚’

241 3688 415 3736 innuit
447 3689 905 3752 laudatuselegiae
941 3690 1005 3739 de
1029 3690 1320 3739 Philomela

245 3774 436 3816 auctor
454 3781 533 3814 vs.
553 3767 635 3816 19.
685 3772 700 3795 ‘
721 3766 953 3817 Cacabat
967 3767 1086 3816 hinc
1112 3766 1318 3830 perdix,

242 3841 366 3890 binc
388 3841 610 3903 gratitat
625 3839 883 3905 inprobus
908 3843 1188 3899 anser,·Et
1210 3856 1319 3891 cas·

243 3924 332 3968 tus
357 3923 535 3967 turtur
556 3923 713 3981 atque
727 3919 969 3968 columba
992 3918 1242 3982 gemunt!
1266 3926 1322 3968 et

244 4008 323 4045 vs.
354 3997 439 4043 23.
514 3996 530 4020 ‘
558 3993 699 4043 Grus
737 3995 892 4057 gruit,
942 3995 1099 4059 inque
1143 3995 1322 4058 glomis

246 4070 405 4135 cycni
432 4084 602 4134 prope
626 4068 842 4127 flumina
862 4071 1134 4135 drensant,
1166 4071 1321 4121 Acci·

247 4148 396 4209 piter
443 4147 601 4210 pitat,
649 4147 833 4196 milvus
878 4149 1130 4211 hiansque
1172 4148 1327 4212 linit)

249 4224 447 4286 Melius
487 4224 713 4287 videtur,
767 4231 844 4275 ut·
875 4240 995 4275 cum
1042 4224 1323 4275 Gebhardo

223 4301 501 4382 dicamus,
564 4308 580 4333 ¹
621 4301 951 4366 clangorem'
1027 4302 1323 4368 quarumvis

2271 347 2442 434 7'781

1389 526 1580 593 avium,
1602 535 1748 577 certe
1788 540 1902 592 quse
1934 524 2147 590 reliquis
2175 527 2340 590 magis
2365 542 2448 576 so-

1388 618 1527 654 noras
1561 609 1707 660 sunt,
1744 604 2197 666 ‘adeoque'etiam
2244 617 2447 667 gruum,

1388 695 1569 731 vocem
1593 682 1838 731 indicere.
1903 682 1921 709 ‘
1940 681 2230 733 stridorem
2251 681 2265 705 '
2298 697 2447 732 anse-

1388 758 1530 808 ribus
1553 758 1735 808 tribuit
1760 758 1974 808 Petron.
2006 758 2181 822 Satyr.
2204 771 2319 823 cap.
2336 762 2449 809 136.

1383 833 1396 860 ‘
1416 835 1543 885 Tres
1565 848 1773 884 anseres
1794 835 1926 884 sacri
1948 832 2072 885 forti
2096 843 2169 885 ac·
2181 836 2338 885 veluti
2356 851 2448 885 ¹ra·

1390 913 1546 970 bioso·
1576 912 1799 964 stridore
1845 914 2232 963 circumsistunt
2283 911 2445 977 trepi-

1387 989 1637 1040 dantem.’
1702 990 1911 1040 Deinde
1935 992 2204 1053 oleumque
2225 992 2446 1053 strepitu,

1389 1067 1527 1133 quod
1565 1066 1873 1118 Gebhardus
1903 1068 1952 1116 in
1991 1082 2092 1117 uno
2126 1068 2241 1117 Pal.
2272 1072 2323 1117 2.
2367 1068 2445 1116 in·

1386 1146 1554 1208 venit,
1584 1145 1721 1210 apud
1758 1159 1840 1195 me
1876 1145 2072 1209 pariter
2090 1144 2144 1194 in
2169 1146 2359 1194 taor-5.
2389 1151 2446 1194 ct

1387 1222 1612 1273 Gaertn.
1650 1229 1929 1287 superem·
1975 1221 2079 1272 Sed
2120 1227 2135 1250 ⁸
2163 1228 2445 1271 nocturnos

1386 1299 1636 1363 strepitus
1660 1297 1673 1316 ’
1706 1298 1863 1348 modo
1884 1299 2217 1349 memoravit.
2240 1299 2445 1348 Passim
2477 1307 2485 1312 '

1386 1376 1467 1426 hae
1491 1391 1645 1427 voces
1667 1377 1971 1427 commutari
1985 1377 2174 1427 solent.
2217 1375 2354 1426 Vide
2378 1374 2444 1425 ad
2482 1383 2485 1388 “

1387 1467 1638 1505 xxxvm.
1676 1457 1759 1504 17.
1790 1456 1819 1519 §
1848 1458 1898 1504 4.
1942 1454 2169 1517 Insuper
2192 1453 2450 1503 vicima
2480 1453 2484 1458 ’

1387 1532 1539 1582 Voss.
1573 1537 1621 1581 l.
1670 1530 1818 1581 Leid.
1852 1535 1902 1580 2.
1948 1538 2005 1579 et
2029 1530 2245 1580 Heernii
2269 1529 2445 1580 Oxou.

1388 1608 1461 1659 N.
1507 1609 1629 1659 Non
1673 1606 1856 1672 probo.
1923 1608 1939 1636 ‘
1964 1607 2212 1657 Excitare
2236 1605 2252 1629 ’
2307 1607 2445 1656 enim
2476 1622 2481 1626 ·

1388 1685 1563 1749 paullo
1623 1691 1746 1733 ante
1804 1684 2096 1748 praecessit.
2159 1684 2177 1711 ‘
2201 1685 2419 1734 Excitns
2437 1683 2452 1706 ’

1388 1769 1563 1811 autem
1584 1760 1681 1810 hoc
1698 1774 1852 1811 sensu
1872 1754 2140 1810 commode
2160 1759 2287 1822 dici,
2305 1759 2447 1809 vide⁴

1387 1838 1553 1890 bimus
1577 1838 1641 1888 ad
1668 1852 1769 1890 vn.
1791 1843 1872 1888 36.
1894 1840 1922 1903 ς
1945 1842 1993 1889 2.
2046 1838 2115 1888 Et
2136 1839 2224 1887 has
2241 1849 2447 1903 quoqne

1387 1914 1836 1965 voces·‘excitus’
1871 1923 1927 1965 et
1957 1916 1974 1943 ‘
1994 1912 2289 1967 excitatus'
2322 1930 2354 1964 a
2386 1914 2448 1964 li·
2480 1919 2487 1924 ’

1388 1992 1574 2044 brariis
1635 1991 1879 2044 confusas
1939 1990 2116 2052 fuisse,
2167 1991 2449 2044 docebunt,

1387 2084 1504 2135 quae
1528 2069 1860 2123 notabuntur,
1896 2069 1960 2118 ad
1985 2081 2199 2118 xxvm.
2218 2072 2301 2118 24.
2333 2070 2363 2131 ς
2397 2071 2450 2117 4.

1389 2146 1635 2210 Denique
1699 2145 1895 2195 Melius*
1926 2144 2078 2194 Harl.
2132 2148 2183 2193 2.
2248 2143 2451 2192 Mallius

1390 2222 1545 2270 Voss.
1566 2226 1616 2271 2.
1651 2222 1776 2271 Lov.
1800 2225 1851 2270 3.
1887 2228 1942 2270 et
1966 2221 2183 2271 Gaertn·
2216 2220 2451 2268 Manilius

1386 2299 1514 2349 Lov.
1532 2302 1583 2347 4.
1617 2306 1672 2348 et
1693 2298 1834 2350 Hav.
1857 2297 1994 2349 Vide
2017 2298 2082 2347 ad
2111 2297 2222 2347 Liv.
2243 2310 2449 2347 xxxrv.

1387 2382 1473 2427 63.
1507 2379 1535 2442 §
1558 2381 1607 2426 2.
1641 2385 1698 2427 et
1720 2378 1813 2427 lioc
1835 2390 1952 2440 cap.
1987 2378 2087 2440 57,
2122 2376 2308 2425 Paullo
2329 2383 2450 2424 aute

1390 2454 1538 2514 Nan,
1563 2468 1657 2519 pro
1685 2453 1918 2518 Namque,
1944 2454 2069 2503 Lov.
2092 2458 2144 2502 5.
2195 2450 2330 2501 Vide
2354 2451 2450 2501 hoc

1387 2547 1506 2596 cap.
1528 2535 1556 2598 ς
1579 2537 1629 2582 2.
1694 2534 1823 2583 Mox
1848 2535 1900 2582 in
1928 2533 2096 2582 verbis
2121 2547 2265 2596 seqq.
2284 2530 2344 2581 τὸ
2366 2531 2451 2594 qui

1387 2610 1572 2660 deerat
1594 2613 1646 2661 in
1670 2611 1801 2660 Lov.
1824 2615 1872 2660 1.
1905 2617 1965 2661 ut
1989 2609 2144 2659 verba
2165 2608 2275 2658 liaec
2298 2608 2451 2657 trien·

1386 2686 1467 2736 nio
1485 2692 1598 2736 aste
1616 2686 1952 2746 consufuerat
1974 2686 2121 2750 quasi
2147 2699 2241 2749 per
2265 2699 2450 2748 paren·
2480 2686 2491 2701 “

1387 2764 1559 2814 thesin
1583 2763 1726 2814 dicta
1764 2765 1884 2814 sint.
1948 2762 2087 2812 Vide
2119 2764 2216 2812 lioc
2253 2762 2346 2809 lib.
2382 2760 2448 2810 ad

1388 2857 1438 2892 c.
1461 2847 1543 2893 32.
1576 2843 1673 2906 §8.
1712 2841 1818 2891 Sed
1842 2854 1998 2890 unum
2023 2846 2211 2890 testem
2237 2853 2336 2887 non
2360 2853 2451 2888 au·

1388 2917 1631 2968 diendum
1654 2932 1857 2967 censeo.
1893 2917 2203 2978 Consulfuit,
2224 2930 2319 2980 pro
2340 2930 2452 2965 coa·
2526 2942 2531 2947 ·

1386 2997 1663 3058 miseeret,
1688 2993 1908 3060 praefert
1939 2993 2086 3044 Leid.
2107 2998 2157 3042 2.
2392 3012 2397 3017 ·

1454 3074 1624 3123 Armis
1652 3073 1883 3135 adreptis,
1911 3071 2054 3121 annul
2082 3071 2146 3120 ad
2176 3075 2452 3120 amovete-

1388 3164 1472 3200 rss
1507 3149 1664 3213 ciens]
1684 3149 1925 3213 -Abreptt's
1955 3147 2109 3198 Leid·
2135 3151 2183 3197 1.
2217 3147 2454 3196 sollemni
2482 3152 2487 3159 ’

1389 3226 1673 3276 scribarum
1704 3238 1899 3274 errore·
1962 3222 2099 3272 Vide
2132 3223 2197 3272 ad
2223 3236 2283 3272 u.
2305 3225 2388 3274 33.-
2423 3222 2452 3286 §

1388 3307 1440 3352 7.
1488 3301 1905 3366 Armis-acceptis
1937 3300 2163 3352 Gaertn.
2225 3301 2317 3349 Et*
2339 3299 2456 3351 haee

1392 3379 1550 3429 etiam
1574 3379 1811 3429 lectionis
1828 3379 2052 3428 varietas
2074 3392 2455 3443 nonnumquam

1391 3457 1444 3506 in
1473 3457 1602 3506 Mes.
1626 3450 1779 3506 ebria
1794 3463 1891 3505 est.
1946 3455 2085 3504 Vide
2109 3457 2248 3504 viros
2268 3455 2454 3505 doctos

1391 3533 1458 3583 ad
1481 3534 1662 3582 Valer.
1684 3533 1830 3583 Max.
1854 3546 1942 3582 ιιι.
1966 3537 2016 3581 3.
2046 3547 2132 3580 ex.
2157 3535 2204 3580 l.
2238 3538 2293 3579 et
2322 3531 2455 3580 Bur·

1390 3625 1565 3669 mann.
1605 3610 1669 3665 ad
1716 3610 1969 3662 Quinctil.
2008 3609 2188 3659 Instit.
2228 3606 2379 3656 Orat.
2413 3619 2455 3655 1.

1393 3693 1442 3738 3.
1476 3696 1535 3738 ut
1559 3693 1615 3736 et
1637 3687 1837 3736 Duker.
1861 3687 1926 3734 ad
1955 3685 2064 3735 Liv.
2092 3697 2184 3733 ιιι.
2207 3687 2290 3732 70.
2321 3685 2349 3747 §
2377 3686 2456 3731 lo.
2494 3702 2501 3707 ·

1391 3763 1549 3815 Adde
1569 3777 1683 3826 quae
1708 3768 1955 3812 notantur
1977 3761 2041 3810 ad
2067 3762 2101 3811 Ι.
2118 3775 2199 3810 v1.
2224 3775 2273 3810 c.
2288 3765 2342 3810 8.
2364 3762 2456 3825 §a

1394 3856 1444 3893 c.
1461 3846 1544 3893 16.
1560 3843 1653 3905 §Q
1676 3848 1732 3890 et
1752 3840 1898 3890 alibi.
1963 3838 2137 3889 Multo
2157 3846 2330 3903 tamen
2349 3836 2455 3887 fre·
2541 3840 2547 3845 '

1396 3919 1638 3984 quentius
1673 3919 1746 3967 ita
1782 3917 1847 3967 ab
1880 3916 1944 3965 iis
1976 3924 2247 3981 peccatum
2285 3924 2369 3967 est
2402 3917 2456 3965 in

1397 3994 1569 4044 verbis
1606 3993 1930 4056 simplicibus
1954 3993 1969 4021 ‘
1991 3992 2215 4055 capere'
2250 3999 2307 4042 et
2348 3996 2459 4045 ‘raa⁴
2492 4006 2503 4014 ·

1385 4070 1553 4135 pere?
1607 4071 1743 4120 Vide
1778 4072 1843 4120 ad
1882 4084 1958 4120 νι.
1995 4074 2076 4121 23.
2112 4072 2140 4134 §
2175 4076 2225 4120 5.
2267 4069 2460 4132 Ereptis

1397 4148 1524 4198 Lov.
1543 4151 1592 4197 3.
1658 4148 1787 4197 Tum
1809 4148 1967 4204 simul,
1984 4148 2119 4213 quod
2149 4149 2198 4197 in
2224 4147 2459 4197 omnibus

1397 4225 1807 4289 codd.-perstat,
1831 4226 2089 4276 omittitur
2121 4225 2172 4273 iu
2210 4224 2458 4273 vetustio-

1399 4302 1541 4353 ribus
1573 4303 1796 4355 excusiS.
1864 4303 2032 4354 Recte
2063 4301 2264 4367 primus
2308 4314 2457 4363 repo·
