2934 4925
488 434 665 503 7996

490 594 642 647 ueiens
660 592 883 645 viderunt
900 596 1049 644 ruunt
1073 591 1127 643 ia
1148 592 1343 643 bouem.
1375 590 1555 657 Sigon.

492 671 721 721 Verbum
773 675 921 720 ruunt
974 678 1057 719 est
1109 668 1396 733 Sigouiaai,
1457 667 1558 718 boc

492 753 596 811 est,
609 747 867 810 stigmatis
888 746 1201 811 spleniisque
1224 745 1376 794 nimis
1394 744 1557 794 inter·

488 825 672 876 stincti
694 823 912 874 codicis.
956 825 1038 873 Tu
1064 838 1188 873 vero
1209 821 1426 873 restitue
1447 822 1558 871 lec·

496 902 690 952 tionem
714 900 977 964 antiquam
998 915 1013 950 τ
1048 902 1248 961 iade,ut
1260 900 1373 948 circ.
1395 899 1557 960 sig-aa,

489 977 762 1042 obuertique
797 979 945 1028 aciem
965 979 1064 1027 oid.
1098 978 1153 1026 ia
1187 977 1333 1039 host„
1354 981 1404 1026 ct
1435 977 1557 1038 dax,

491 1057 577 1118 ὅτ.
596 1056 723 1104 iuter
737 1053 892 1118 primu
909 1055 1051 1115 signu
1072 1068 1124 1104 sc
1137 1052 1385 1117 offerebat,
1402 1052 1556 1102 inere·

486 1145 605 1194 parc
623 1130 806 1193 singuli
840 1146 892 1181 se
924 1131 1118 1194 quisquc
1155 1136 1204 1181 ee
1236 1130 1372 1181 ulios.
1434 1129 1470 1181 J
1473 1143 1555 1180 am

492 1207 692 1256 dabant
716 1214 886 1271 terga,
920 1207 1014 1257 sed
1045 1207 1319 1269 castigatio
1353 1206 1555 1257 Camilli

492 1284 745 1348 pudorem
769 1282 1007 1344 incussit,
1046 1291 1106 1333 ut
1140 1288 1376 1333 starent:
1432 1297 1554 1333 mox

491 1367 553 1411 nt
574 1362 720 1423 signa
741 1374 949 1426 quoque
971 1360 1276 1426 circumagi,
1296 1367 1353 1410 et
1374 1375 1553 1411 versus

489 1437 689 1487 bostem
715 1435 990 1488 reflectere
1011 1452 1066 1487 se
1081 1439 1193 1501 jam
1212 1438 1400 1502 primos
1414 1438 1554 1489 ordi·

490 1526 585 1562 nes
624 1511 824 1576 videre,
871 1522 940 1565 ut*
978 1513 1157 1564 videre
1202 1514 1554 1567 venerabilem

493 1596 573 1639 tot
599 1589 795 1638 meritis
817 1589 1185 1653 imperatorem
1202 1590 1341 1640 inter
1363 1592 1555 1655 primos

490 1667 774 1717 discrimini
807 1681 921 1716 sese
944 1666 1284 1733 offerentem3
1318 1669 1457 1721 ultro
1496 1684 1554 1720 se

489 1742 713 1795 invicem
752 1743 1124 1813 suut-hortati,
1156 1752 1212 1794 et
1245 1744 1441 1795 animos
1476 1761 1554 1796 re·

487 1833 777 1883 sumpsere.
799 1817 812 1825 “
860 1819 1015 1871 Quod
1058 1820 1299 1884 Sigonius
1332 1818 1557 1882 addidit,

490 1897 713 1960 intelligi
739 1897 917 1947 Livius
942 1897 1107 1949 voluit
1129 1912 1160 1946 a
1181 1897 1431 1962 prudenti
1450 1897 1556 1947 lec-

491 1981 629 2037 tore,
663 1973 785 2024 dum
815 1974 931 2039 ipse
959 1982 1212 2040 properat
1244 1976 1309 2026 ad
1344 1977 1557 2037 alterins

490 2050 660 2112 ducis,
694 2051 861 2115 equiti
901 2051 1178 2115 segnitiem
1218 2052 1554 2111 excutientis,

491 2141 697 2178 euram:
737 2128 804 2177 de
838 2142 939 2192 qua
971 2134 1246 2194 postquam
1284 2129 1558 2191 explicuit,

492 2211 604 2253 tum
627 2204 939 2268 conjunctim
976 2204 1042 2253 de
1075 2204 1339 2269 utrisque:
1375 2205 1557 2266 ‘nihil,

490 2292 661 2343 neque
688 2278 827 2343 apud
851 2279 1026 2338 duces,
1049 2295 1222 2346 neque
1253 2280 1391 2346 apud
1423 2283 1556 2333 mili·

491 2363 595 2419 tes,
630 2357 915 2407 remittitur
964 2373 996 2407 a
1031 2373 1228 2410 summo
1267 2362 1555 2411 certamine

489 2431 687 2484 animi.’
725 2434 860 2484 Vide
882 2433 1009 2485 illud
1033 2435 1049 2463 ‘
1070 2450 1220 2487 ruere
1242 2437 1294 2487 in
1317 2437 1556 2497 bostem,'

487 2509 631 2572 quod
680 2524 839 2573 snpra
892 2512 1212 2575 pdtaver'unt
1252 2513 1557 2566 desiderari.

483 2586 545 2635 J.
564 2586 628 2636 F.
657 2585 811 2635 Groa.
845 2587 1078 2639 Verbum
1105 2596 1273 2649 munt,
1311 2593 1450 2656 quod
1476 2594 1555 2643 Si-

492 2661 672 2726 gonius
692 2662 919 2728 addidit,
940 2664 1222 2718 admittunt
1243 2669 1398 2731 etiam
1425 2670 1554 2723 Lov-

486 2743 540 2789 2.
563 2742 612 2790 4.
637 2744 687 2790 5.
725 2738 875 2791 Harl.
899 2746 949 2791 2.
985 2744 1128 2793 Port.
1159 2744 1380 2798 Gaertu.
1416 2748 1554 2798 Hav.

488 2812 680 2880 fragm.
702 2815 842 2866 Har.
858 2832 888 2865 a
909 2832 977 2867 m.
996 2834 1101 2870 sec.
1123 2836 1340 2886 quorum
1362 2824 1556 2888 pleros·

488 2905 592 2955 que
608 2907 748 2957 saepe
762 2894 1048 2958 Sigonianis
1061 2897 1213 2949 codd.
1228 2902 1557 2950 consentien-

490 2976 575 3020 tes
588 2984 745 3033 supra
759 2971 1048 3037 babuimus,
1065 2983 1118 3026 et
1139 2976 1357 3027 Hearnii
1381 2979 1555 3031 Oxou.

490 3047 559 3098 Β.
580 3054 639 3098 et
660 3049 722 3098 C.
766 3048 840 3099 At
864 3051 1050 3115 reliqui
1072 3066 1268 3119 omnes,
1290 3062 1430 3105 certe
1453 3056 1555 3106 mei

490 3122 632 3176 Flor.
651 3124 800 3175 Voss,
826 3128 997 3188 ambo,
1034 3129 1184 3178 Leid.
1218 3132 1390 3196 ambo,
1422 3133 1552 3184 Lov.

491 3204 538 3249 1.
553 3204 603 3249 3.
620 3200 771 3250 Harl.
796 3208 843 3252 1.
876 3211 931 3253 et
952 3202 1296 3269 fragm..Hav.
1331 3223 1362 3257 a
1379 3223 1444 3260 m.
1473 3223 1554 3272 pr.

483 3274 620 3324 illud
635 3276 891 3340 aSigonio
908 3279 1239 3343 interjectum
1252 3299 1352 3332 nou
1371 3299 1554 3348 agnos-

487 3359 653 3415 cuut3
686 3353 825 3417 quod
865 3361 919 3404 et
956 3370 1146 3407 nexum
1183 3362 1428 3412 orationis
1466 3362 1550 3412 Li·

489 3431 657 3480 vianae
683 3445 950 3495 respuere,
974 3442 1118 3484 recte
1140 3436 1435 3487 Gronovius
1460 3438 1553 3489 do·

486 3508 619 3558 cuit.
682 3510 697 3537 ‘
724 3507 945 3561 obverti
969 3510 1022 3559 in
1038 3512 1232 3566 hostem
1253 3513 1340 3563 'ut
1363 3528 1445 3564 rx.
1467 3519 1551 3566 21.

486 3585 648 3636 ‘Tum
674 3585 835 3636 totam
873 3587 1037 3638 aciem
1076 3589 1127 3637 in
1162 3589 1422 3641 Samnites
1459 3591 1550 3641 ob-

486 3661 685 3713 vertit?
730 3671 779 3713 c.
812 3667 895 3713 35.
923 3665 940 3692 ‘
974 3665 1168 3715 Flectit
1191 3666 1476 3730 paullulum
1496 3667 1548 3717 iu

484 3739 648 3791 clivos
671 3754 878 3803 agmen,
912 3739 1035 3790 inde
1077 3743 1227 3806 signa
1260 3742 1311 3791 iu
1348 3743 1550 3792 bostem

487 3816 757 3867 obvertit.’
818 3816 1045 3882 Insuper
1072 3817 1186 3868 iude
1215 3824 1266 3869 et
1305 3819 1551 3882 circiieagi

484 3892 627 3953 tigna
654 3893 788 3942 male
808 3893 946 3943 Har.
967 3895 1077 3943 iude
1098 3900 1145 3945 et
1166 3896 1429 3958 circumagi
1447 3897 1552 3959 siga

485 3983 552 4017 nu
586 3969 716 4018 Lov.
755 3973 805 4018 2.
837 3969 1023 4020 Paullo
1062 3978 1184 4020 ante
1208 3974 1365 4021 etiam
1395 3975 1551 4023 tenuit

485 4045 642 4110 effuso
696 4048 828 4096 male
872 4048 1014 4110 Flor.
1086 4050 1102 4077 ‘
1130 4048 1295 4099 Effusi
1315 4049 1329 4073 '
1374 4061 1549 4101 autem

489 4129 628 4179 sunt,
659 4138 790 4187 quos
829 4126 980 4175 modo
1018 4124 1218 4177 ‘effuso
1256 4141 1412 4177 cursu
1434 4143 1548 4179 cas-

490 4208 572 4249 tra
594 4208 839 4264 repetere
857 4201 873 4224 '
904 4202 1127 4256 dixerat.

554 4275 886 4339 Proeterquum
906 4280 1028 4340 quod
1063 4283 1136 4328 tot
1155 4281 1361 4343 insignis
1379 4284 1547 4333 trium·

480 4352 609 4417 pluis,
634 4353 779 4403 etium
798 4358 942 4405 oetute
963 4357 1269 4424 venerabilis]
1300 4359 1547 4427 Suppleri

1182 447 1401 498 NOTAE
1447 446 1856 498 vamoltuu
1907 446 1987 497 m
2083 481 2093 495 .

1633 595 1810 659 potest
1831 590 1847 620 ⁸
1864 587 2017 647 erat,’
2048 591 2104 641 et
2118 603 2149 639 e
2170 587 2594 654 precedentibus
2616 602 2696 641 re-

1633 669 1744 733 peti
1767 669 1784 698 ‘
1804 666 1902 718 ut.'
1935 680 2072 718 xxx.
2094 670 2178 717 26.
2223 665 2499 717 ιΑιιηοιιω
2525 668 2696 718 vilitas

1631 744 1751 802 fuit,
1774 751 2124 809 preterquam
2158 744 2298 810 quod
2332 747 2501 795 omnis
2540 744 2698 794 Italia

1632 835 1764 887 pace
1796 830 1911 872 erat
1942 829 2149 887 aperta,
2189 822 2346 872 etiam
2373 820 2516 887 qnod
2555 835 2696 885 mag-

1630 910 1748 947 nam
1768 898 1870 949 vim
1906 895 2150 948 frumenti
2183 912 2249 959 ex
2284 897 2543 962 Hispania
2581 899 2699 948 mis·

1631 988 1762 1037 sam,
1779 978 1880 1025 διο.
1899 976 2093 1040 populo
2110 974 2540 1039 descripserunt?
2559 974 2697 1024 Ibid.

1629 1065 1751 1116 cap.
1770 1056 1855 1102 40.
1919 1055 1936 1083 ‘
1955 1051 2056 1105 Qui
2079 1052 2257 1116 gloriae
2292 1052 2406 1116 ejus
2429 1061 2696 1102 certamen

1631 1141 1748 1178 cnm
1771 1128 2035 1193 Scipione,
2065 1135 2413 1194 preterquam
2440 1128 2580 1194 quod
2605 1130 2697 1178 ini·

1631 1219 1786 1270 quum
1832 1213 1992 1269 esset,
2033 1205 2189 1256 etiam
2248 1207 2418 1269 impar
2458 1204 2695 1256 futurum

1631 1281 1877 1332 cernebat
1894 1281 1932 1332 z’
1966 1282 2010 1331 si
2032 1282 2127 1332 boc
2153 1295 2253 1333 non
2279 1284 2475 1346 placet,
2513 1282 2697 1331 tollen-

1631 1359 1752 1409 dum
1774 1359 1986 1410 videtur
2005 1361 2147 1424 quod.
2203 1373 2258 1408 v.
2279 1363 2361 1409 14.
2427 1362 2446 1388 ⁴
2468 1360 2695 1409 Praeter·

1630 1450 1781 1501 quam
1803 1437 2076 1502 majestate
2100 1437 2413 1500 petentium,
2443 1436 2695 1499 religione

1630 1514 1789 1563 etiam
1836 1513 2050 1564 attoniti
2091 1510 2364 1563 homines!
2433 1524 2571 1571 xxv.
2614 1516 2692 1561 23.

1629 1589 2034 1654 ‘Syracusarum
2075 1588 2401 1654 oppugnatio
2439 1587 2507 1641 ad
2542 1587 2691 1637 finem

1632 1667 1795 1723 venit,
1817 1674 2170 1732 praeterquam
2208 1666 2256 1715 vi
2287 1679 2348 1715 ac
2371 1666 2571 1715 virtute
2603 1667 2693 1715 du-

1630 1745 1705 1794 cis
1727 1746 2110 1809 exercitusque,
2128 1743 2373 1795 intestina
2396 1744 2556 1793 etiam
2578 1757 2693 1807 pro·

1629 1821 1829 1872 ditione
1874 1821 2093 1886 adjuta.’
2162 1834 2307 1871 1111.
2345 1825 2431 1871 63.
2499 1820 2691 1873 ‘Quod

1630 1899 1842 1962 malum,
1862 1905 2213 1963 preterquam
2236 1904 2407 1956 atrox,
2435 1912 2597 1962 snper
2618 1906 2693 1947 tot

1631 1976 1810 2026 clades
1848 1976 2008 2037 etiam
2045 1991 2253 2038 novum,
2277 1991 2436 2042 quum
2477 1984 2691 2041 stupore

1632 2067 1696 2103 ac
1716 2054 1969 2103 miraculo
1993 2053 2225 2118 torpidos
2247 2052 2515 2103 defixisset
2535 2052 2573 2102 τ’
2607 2053 2692 2104 abi

1632 2129 1812 2179 itidem
1837 2131 2229 2182 inculcaverant
2257 2131 2396 2193 quod.
2461 2131 2598 2180 Vide
2621 2130 2692 2179 ibi

1631 2205 1688 2257 J.
1732 2207 1795 2257 F.
1833 2207 2176 2259 Gronovium.
2234 2207 2371 2256 Duk.
2441 2207 2690 2257 Voculam

1627 2284 1753 2346 quod
1775 2284 2123 2346 neglexerunt
2159 2283 2341 2347 primae
2371 2283 2496 2335 edd.
2565 2284 2691 2339 Eam

1632 2359 1833 2410 addidit
1886 2358 2077 2423 Aldus,
2133 2368 2191 2410 et
2246 2367 2464 2411 servant
2517 2374 2691 2410 omnes

1630 2426 1837 2500 scripti,
1871 2441 2097 2501 excepto
2133 2434 2284 2485 Leid.
2323 2439 2370 2485 l.
2429 2435 2482 2485 in
2519 2442 2691 2486 tamen

1629 2512 1745 2576 ejus
1805 2501 1919 2561 loco
1959 2518 2045 2561 est
2082 2517 2193 2576 quot
2240 2512 2478 2561 sollemni
2516 2526 2693 2562 errore

1631 2587 1940 2641 scribarum.
1980 2588 2118 2638 Vide
2140 2588 2206 2638 ad
2232 2602 2355 2638 xm.
2380 2593 2428 2638 1.
2462 2590 2557 2653 §L
2594 2589 2692 2638 Ve-

1631 2680 1745 2716 rum
1794 2653 1926 2715 'illud
1978 2666 2104 2730 quod
2141 2665 2490 2730 interceptum
2541 2673 2625 2715 est
2662 2680 2694 2714 a

1629 2742 1981 2808 praecedentis
2053 2744 2195 2792 vocis
2258 2743 2442 2792 ultima
2497 2744 2694 2808 syllaba

1629 2835 1785 2883 quum,
1807 2826 1867 2870 ut
1887 2833 2029 2884 saepe
2051 2819 2173 2870 alibi
2195 2817 2389 2870 factum
2414 2828 2518 2874 est.
2561 2821 2693 2871 Vide

1631 2889 1697 2947 ad
1724 2911 1952 2948 xxxvu.
1973 2901 2055 2947 64.
2087 2900 2117 2964 §
2145 2901 2196 2948 4.
2263 2897 2474 2947 Deinde
2509 2900 2693 2949 vocula

1630 2980 1703 3024 tot
1744 2976 1892 3027 deest
1927 2977 1980 3026 in
2015 2977 2164 3027 Harl.
2195 2979 2245 3027 2.
2300 2992 2455 3042 quam
2495 2978 2692 3043 pariter

1631 3053 1934 3116 praecedens
1955 3056 2080 3119 quod
2116 3055 2272 3106 elisit.
2338 3056 2401 3105 Iu
2433 3061 2507 3105 tot
2544 3055 2692 3118 signis

1631 3130 1887 3196 triumphis
1927 3132 2087 3182 habet
2121 3130 2339 3182 Gaertn.
2378 3132 2594 3195 insignis
2627 3137 2693 3182 tot

1630 3207 1884 3270 triumphis
1902 3208 2039 3257 Hav.
2062 3207 2333 3258 Praeterea
2350 3214 2402 3258 et
2420 3213 2573 3259 (εὐαέι
2592 3224 2690 3260 nea.

1630 3283 1758 3332 Lov.
1782 3288 1833 3333 4.
1879 3282 2025 3333 etium
2044 3289 2152 3334 acta
2172 3299 2278 3334 een.
2295 3284 2446 3334 Leid.
2472 3290 2522 3334 1.
2554 3287 2689 3335 etium

1627 3369 1737 3411 actu
1758 3377 1865 3412 ven.
1890 3362 2042 3413 Harl.
2065 3369 2112 3414 l.
2143 3363 2288 3413 etiam
2314 3369 2425 3412 actu
2446 3369 2573 3413 oetas
2593 3379 2693 3414 ven.

1629 3439 1759 3490 Lov.
1780 3443 1831 3489 2.
1846 3439 1991 3489 etiam
2005 3445 2176 3489 exacto
2187 3445 2333 3490 oetate
2342 3455 2450 3489 oea.
2467 3440 2690 3491 Gaertu.

1627 3523 1684 3568 et
1707 3517 1924 3567 Hearnii
1957 3519 2133 3569 Oxou.
2159 3519 2218 3568 C.
2256 3520 2412 3580 ,etium
2445 3524 2496 3568 et
2527 3524 2689 3569 exacta

1626 3598 1772 3642 atate
1789 3608 1896 3644 eeu.
1921 3593 2049 3643 Lov.
2072 3598 2121 3646 3.
2156 3596 2304 3645 Voss.
2332 3599 2383 3645 2.
2423 3601 2482 3645 et
2516 3595 2689 3660 fragm.

1629 3668 1767 3718 Hav.
1799 3668 1904 3720 Sed
1934 3671 2198 3735 vulgatum
2232 3669 2448 3736 sufficit,
2470 3675 2610 3738 quod
2638 3673 2686 3722 in

1628 3747 1840 3810 reliquis
1861 3748 2072 3812 scriptis
2093 3757 2350 3813 superest.
2664 3741 2674 3752 ‘

1699 3827 1798 3876 Ubi
1824 3828 2060 3891 plurimus
2097 3829 2228 3877 labor
2259 3828 2612 3894 periculumque
2641 3841 2686 3878 e·

1625 3900 1728 3965 rut]
1759 3902 2010 3953 Plurimus
2029 3892 2162 3953 cni-ror
2182 3903 2310 3953 Lov-
2326 3907 2376 3954 8.
2398 3905 2536 3954 Tum
2559 3909 2688 3956 erant

1629 3978 1779 4028 Port.
1817 3980 2020 4045 Saepius
2046 3980 2255 4044 quidem
2291 3980 2364 4029 ita
2401 3981 2580 4031 Livius
2615 3983 2685 4029 lo·

1626 4062 1777 4106 cutus
1802 4063 1919 4107 est:
1950 4072 2105 4122 quum
2142 4064 2317 4107 tamen
2342 4059 2430 4107 alii
2464 4058 2615 4109 codd.
2634 4059 2684 4107 in

1627 4132 1893 4194 vulgatum
1917 4133 2234 4198 conspirent,
2270 4148 2384 4184 eam
2414 4135 2682 4184 lectionem

1629 4209 1802 4270 potius
1826 4223 1857 4257 a
1880 4208 2090 4258 librario
2127 4210 2272 4274 liujus
2296 4210 2514 4275 codicis,
2536 4224 2683 4273 quam

1626 4301 1656 4335 a
1681 4286 1848 4351 Livio,
1864 4287 2155 4351 profectam
2175 4303 2293 4337 esse
2317 4303 2523 4338 censeo.
2549 4289 2681 4337 Vide

1626 4361 1692 4412 ad
1716 4375 1943 4414 xxxvu.
1963 4367 2044 4415 27.
2079 4365 2176 4428 §6-
2209 4364 2338 4415 Mox
2369 4380 2422 4414 se
2442 4362 2682 4430 efferebat,
