2934 4925
503 402 678 470 76⁰2

496 565 663 618 ‚etiam
679 562 756 613 vir
769 562 954 614 doetus
972 562 1027 613 in
1041 562 1271 627 margine
1290 562 1373 614 ed.
1386 562 1569 614 Corio-

504 643 585 692 nis
601 639 927 692 scribendum
945 640 1194 704 conjecit.
1226 640 1397 691 Adhuc
1413 640 1568 689 Voss.

506 725 554 770 1.
572 719 722 769 Leid.
742 723 791 768 2.
813 727 866 768 et
891 720 1018 771 Lov.
1043 724 1091 769 1.
1116 733 1177 769 ae
1198 723 1249 769 2.
1313 718 1418 769 Sed
1442 718 1568 767 nihil

505 803 666 846 muto.
692 795 825 845 Vide
841 795 906 845 ad
924 809 1045 846 xxx.
1058 797 1275 860 52.§10.
1296 797 1568 846 Proeterea

515 876 787 939 Veientique
818 880 865 925 et
904 877 1096 927 Falisco
1136 877 1286 927 Voss.
1323 882 1568 939 uterque,

504 952 655 1003 Leto.
691 960 930 1017 uterque,
970 952 1095 1002 Ῑιον.
1119 956 1167 1002 1.
1189 956 1240 1002 2.
1263 956 1314 1002 8.
1333 956 1383 1001 5.
1420 951 1567 1000 Harl.

505 1035 742 1095 nter-qne,
755 1030 905 1079 Port.
924 1030 1144 1080 Gaertn.
1161 1029 1298 1079 Hav.
1313 1035 1368 1078 et
1382 1027 1568 1091 fragm.

502 1106 643 1156 Hav,
708 1105 813 1156 Sed
849 1106 1152 1170 compendia
1174 1105 1436 1155 scribendi
1462 1119 1566 1155 non

505 1181 780 1247 adseqnuti
804 1179 852 1248 ἧς
874 1183 925 1232 id
947 1191 1025 1232 est
1044 1198 1240 1247 quoque,
1263 1188 1317 1234 et
1337 1197 1388 1245 εις
1410 1181 1462 1230 id
1486 1187 1568 1231 est

504 1273 612 1322 que,
635 1257 829 1309 librarii
854 1259 909 1308 in
937 1258 1086 1309 codd.
1121 1258 1311 1322 passim
1343 1272 1567 1307 eommu-

508 1339 716 1394 tarunt3
766 1335 863 1385 nisi
908 1334 962 1385 id
1008 1336 1180 1398 potins
1231 1333 1566 1396 negligentiae

506 1426 685 1462 eorum
723 1411 1121 1464 adscribendum
1158 1413 1242 1464 sit.
1308 1412 1445 1463 Vide
1471 1413 1568 1461 hoc

506 1487 595 1536 lib.
635 1487 700 1537 ad
733 1502 781 1538 c.
806 1493 886 1539 27.
921 1492 950 1553 §
977 1493 1023 1538 l.
1089 1490 1224 1539 Tota
1255 1504 1357 1540 vox
1391 1504 1570 1555 quoqne

506 1562 787 1614 deficiebat
815 1565 868 1614 in
896 1566 1025 1616 Lov.
1046 1571 1100 1617 4.

575 1639 680 1688 Nec
723 1640 854 1689 intro
891 1655 1049 1690 muros
1100 1642 1335 1703 quietiora
1377 1641 1569 1704 negotia

504 1714 631 1779 esse]
667 1715 978 1766 Pleonasmo
1014 1730 1115 1766 non
1153 1717 1396 1767 insolenti
1429 1717 1569 1781 opti·

505 1790 601 1840 mis
619 1791 919 1840 auctoribus
951 1792 1087 1841 Pall.
1109 1792 1415 1855 mediusxneo
1437 1792 1572 1842 intro

504 1880 665 1915 muros
680 1866 835 1927 magis
853 1867 1000 1929 quiet.
1021 1882 1129 1930 neg.
1153 1882 1270 1917 esse.
1316 1867 1569 1931 Virgilius

507 1940 688 1991 Colice
734 1957 809 1991 vs.
840 1947 922 1993 78.
971 1944 990 1973 ‘
1018 1943 1144 1995 Quis
1183 1943 1348 2007 magis
1384 1951 1570 2008 optato

505 2025 664 2081 queat
687 2032 800 2067 esse
823 2018 1023 2069 beatior
1045 2034 1157 2069 aevo
1171 2020 1207 2069 ?’
1233 2021 1388 2070 Gebls.
1454 2021 1569 2070 Ma·

503 2092 587 2155 gis
619 2094 852 2156 quietiora
886 2095 1044 2145 etiam
1083 2094 1231 2143 Harl.
1250 2098 1300 2143 2.
1337 2096 1484 2144 Port.
1514 2101 1571 2145 et

506 2168 645 2219 flav.
675 2203 681 2208 -
733 2170 893 2232 Novi,
933 2184 1075 2234 sepe
1119 2172 1352 2221 voculam
1397 2172 1570 2234 magis,

507 2244 668 2295 etiam
690 2245 828 2309 apud
853 2247 1076 2311 optimos
1109 2248 1408 2311 scriptores,
1431 2263 1569 2298 com-

507 2320 756 2383 parativis
780 2322 966 2385 jungit
1002 2322 1202 2371 Livium
1228 2313 1383 2373 etiam
1404 2323 1480 2373 ita
1501 2324 1572 2373 lo·

507 2397 594 2460 qni
616 2410 695 2446 η.
718 2400 768 2448 7.
792 2397 808 2425 ‘
824 2398 1041 2449 Tristior
1057 2399 1243 2449 deinde
1267 2401 1570 2466 ignominio-

507 2485 580 2523 σε
612 2474 752 2537 pacis
790 2476 968 2539 magis,
1006 2491 1156 2541 quam
1194 2478 1411 2541 periculi
1440 2492 1569 2528 nnn·

507 2548 615 2598 eius
637 2548 789 2599 fuitz’
821 2551 905 2600 nbi
941 2551 1041 2600 alia
1077 2552 1212 2604 vide.
1279 2554 1366 2602 Ne
1389 2559 1567 2604 tamen

510 2625 712 2675 Livium
736 2627 819 2677 hie
846 2628 921 2677 ita
943 2627 1149 2678 dedisse
1170 2629 1223 2679 in
1248 2628 1470 2679 animum
1492 2631 1570 2679 in-

508 2700 715 2764 ducam,
738 2702 917 2753 obstat
938 2704 1174 2754 codicum
1198 2705 1515 2770 optimorum
1538 2721 1570 2759 a

511 2778 719 2840 vulgato
742 2780 990 2829 stantium
1013 2795 1308 2832 consensus.

574 2858 655 2920 §³
689 2855 929 2905 Possm-os
958 2856 1161 2907 hauan
1197 2873 1304 2908 eam
1340 2857 1570 2921 ivqiurions

507 2932 766 2995 Rumam,
808 2947 868 2983 ne
901 2948 1019 2983 novo
1055 2933 1172 2985 bello
1208 2951 1260 2986 se
1292 2937 1569 3003 onerarent]

506 3009 652 3058 Pass-
671 3010 872 3059 metitum
891 3025 995 3060 eom
1015 3011 1158 3073 injur.
1179 3011 1328 3062 Harl.
1343 3017 1394 3063 2.
1440 3028 1569 3078 poss.

506 3086 704 3134 natam
723 3101 827 3136 eom
860 3087 950 3148 ἰή.
973 3089 1099 3138 Lov.
1124 3092 1173 3137 3.
1194 3098 1250 3140 et
1273 3089 1395 3141 edd.
1415 3091 1569 3141 Rom.

508 3164 656 3210 1472.
675 3176 737 3211 ae
764 3163 937 3213 Parm.
968 3165 1156 3229 saepius
1189 3166 1340 3216 obvio
1373 3169 1570 3218 scriba-

508 3253 621 3288 rum
661 3238 825 3302 lapsu.
899 3241 1035 3291 Vide
1077 3242 1142 3293 ad
1192 3256 1278 3295 111.
1325 3249 1410 3295 88.
1451 3246 1481 3310 §
1517 3248 1569 3295 8.

509 3315 650 3365 Pass-
669 3329 772 3364 eam
791 3315 878 3377 ἐφ’.
902 3317 1045 3369 Romi.
1063 3319 1204 3369 inalt-
1228 3320 1382 3372 aliter
1402 3321 1570 3387 diges-

509 3393 577 3442 tis
598 3394 830 3455 vocibus,
853 3396 981 3444 Lov.
1005 3399 1052 3444 1.
1079 3396 1230 3446 Voss.
1257 3402 1302 3447 1.
1336 3406 1390 3449 et
1415 3398 1567 3449 Leid.

507 3472 558 3520 2.
601 3470 803 3519 Deinde
825 3485 909 3520 nee
931 3486 1049 3521 novo
1068 3472 1185 3522 bello
1202 3473 1322 3522 Lov-
1339 3478 1389 3525 2.
1428 3475 1569 3525 Vide

508 3544 576 3595 ad
600 3545 712 3595 Liv.
737 3560 821 3595 ιιι.
841 3551 926 3597 47.
951 3548 1049 3610 §v
1116 3549 1198 3598 Ne
1227 3563 1344 3599 novo
1373 3550 1493 3601 bello
1518 3566 1570 3602 se

504 3622 867 3685 committerent,
901 3624 1067 3673 altera
1097 3623 1322 3675 lectione
1359 3627 1409 3676 in
1432 3641 1569 3677 mar-

507 3701 681 3765 ginem
699 3700 915 3765 rejecta,
931 3700 1153 3751 Hearnii
1171 3701 1488 3753 oxoniensis
1506 3704 1569 3754 C.

506 3778 794 3843 Utramque
814 3779 1090 3828 lectionem
1107 3779 1336 3844 jungens
1365 3795 1423 3831 ne
1451 3795 1571 3831 novo

503 3867 555 3903 se
576 3854 694 3904 betto
714 3855 1058 3906 committerent
1075 3857 1151 3907 vel
1169 3863 1420 3907 onerarent
1438 3871 1570 3922 prte-

507 3927 616 3979 fert
639 3932 765 3980 Lov.
782 3934 834 3980 4.
907 3931 1084 4001 Nostri
1103 3947 1280 3984 omnes
1302 3941 1569 3999 receptam

508 4005 816 4069 scripturam
863 4015 1160 4057 constanter
1201 4016 1428 4074 servant,
1467 4009 1570 4059 nisi

507 4082 647 4147 quod
679 4082 959 4133 honerat-ent
997 4084 1067 4133 sit
1101 4084 1154 4133 in
1191 4084 1336 4136 Leid.
1362 4090 1409 4135 1.
1430 4086 1570 4136 male

507 4160 794 4223 preposita
846 4158 1221 4224 adspiratione.
1311 4161 1452 4212 Vide
1503 4159 1569 4211 ad

509 4249 711 4289 xxxv1.
752 4242 834 4289 40.
881 4241 908 4304 §
950 4242 998 4287 9.
1069 4240 1350 4303 vulgatum
1391 4241 1571 4306 itaque

507 4313 752 4380 prefero.
804 4315 1004 4379 ‚Paullo
1027 4323 1151 4369 ante
1174 4316 1481 4372 vocabulum
1503 4320 1571 4368 to·

1192 421 1238 471 N
1250 419 1411 470 ΟΥΕ
1459 420 1864 472 vAmomm
1916 423 1999 473 m

1640 578 1746 614 eam
1765 578 1865 614 non
1889 569 2159 629 comparet
2179 563 2234 615 in
2259 564 2406 615 Leid.
2426 569 2476 615 1.

1712 642 1920 706 Exiguo,
1942 657 2085 707 eoque
2103 657 2272 706 porum
2293 644 2467 699 valido,
2489 642 2721 693 exercitu

1635 719 1985 782 persecuturos]
2011 721 2204 782 Exiguo
2224 725 2365 784 atque
2388 734 2564 784 porum
2584 720 2721 769 vali-

1641 796 1702 844 do
1726 795 1853 845 Lov.
1874 801 1922 846 2.
1960 804 2018 846 et
2056 796 2204 846 Port.
2238 812 2268 846 a
2290 812 2357 846 m.
2382 812 2461 861 pr.
2526 796 2673 846 Male
2694 812 2716 846 a

1642 872 1830 937 exiguo
1856 873 2112 934 exercitu,
2150 882 2208 924 et
2241 874 2360 922 ideo
2398 886 2580 936 parum
2621 869 2742 921 va-'

1640 948 1764 998 lido.
1829 947 2000 1012 Supra
2041 962 2075 997 r.
2112 953 2192 999 11.
2223 951 2240 978 ⁴
2266 948 2539 1012 pepigisse
2568 962 2716 1004 eam,

1642 1025 1778 1090 qnod
1813 1025 1864 1074 in
1899 1025 2121 1075 sinistris
2151 1023 2386 1073 manibus
2418 1023 2674 1072 haberent
2693 1039 2715 1084 ς

1642 1116 1807 1166 eoque
1828 1109 1973 1153 senta
1995 1102 2064 1151 illi
2092 1115 2185 1165 pro
2210 1101 2379 1150 aureis
2410 1100 2560 1149 donis
2583 1113 2714 1149 con-

1642 1187 1786 1242 gesta
1803 1177 1837 1226 :’
1892 1179 1981 1228 nbi
2035 1177 2272 1242 quiedam
2316 1175 2457 1227 vide.
2523 1190 2586 1226 11.
2619 1179 2711 1226 48.

1641 1259 1658 1284 ‘
1681 1255 1851 1305 Muris
1875 1270 1932 1305 se
1957 1255 2207 1305 tenebant
2223 1270 2336 1315 ;›eo
2361 1255 2499 1304 nulla
2530 1268 2715 1318 pugna

1642 1333 1991 1383 memorabilis
2012 1331 2148 1383 fuit:
2212 1346 2304 1382 111.
2326 1335 2410 1381 66.
2445 1331 2462 1357 ‘
2480 1331 2711 1381 Blenuio

1641 1418 1763 1459 ante
1796 1408 2053 1458 delectum
2088 1407 2340 1458 indictum
2387 1408 2566 1457 haberi
2600 1422 2717 1457 non

1642 1484 1893 1548 potuisse,
1936 1499 2001 1535 eo
2041 1483 2289 1533 adversus
2338 1498 2394 1533 se
2440 1499 2543 1533 non
2589 1498 2713 1532 esse

1641 1562 1823 1610 missos
1870 1558 2172 1611 exercitus.’
2252 1574 2331 1610 tv.
2371 1565 2419 1611 7.
2479 1560 2715 1624 ‘Credo,

1643 1637 1781 1702 quod
1816 1636 2008 1686 tribuni
2034 1637 2251 1686 militnm
2276 1637 2423 1686 initio
2446 1637 2568 1686 anni
2590 1634 2711 1686 fue·

1643 1721 1784 1772 runt,
1806 1727 1869 1763 eo
1890 1714 2242 1777 praetermissa
2278 1715 2487 1763 nomina
2516 1727 2711 1763 consu·

1642 1790 1746 1839 lnm
1769 1788 1981 1840 eorum-⁹
2046 1790 2175 1839 Mox
2196 1791 2295 1839 hoc
2318 1805 2436 1855 cap.
2466 1787 2589 1840 “Eo
2611 1803 2712 1839 nec

1643 1881 1831 1931 magno
1853 1878 2040 1916 conatu
2075 1875 2335 1930 suscepta,
2373 1881 2471 1917 nee
2502 1868 2555 1917 in
2596 1867 2711 1916 lon-

1643 1959 1762 2008 gum
1796 1945 1957 1994 dilata
1989 1959 2070 1994 res
2103 1944 2225 1994 est.’
2291 1959 2340 1994 c.
2364 1950 2444 1996 20.
2475 1947 2491 1975 ‘
2517 1944 2713 1994 Dicta·

1645 2029 1811 2072 torem
1844 2020 2024 2085 fugere
2057 2020 2302 2071 invidiam
2337 2037 2403 2071 ex
2437 2036 2501 2070 eo
2532 2019 2712 2071 crimi-

1643 2113 1844 2162 naqne3
1888 2107 1953 2149 eo
2001 2097 2269 2161 delegasse
2313 2098 2377 2148 ad
2434 2095 2715 2147 senatum.’

1643 2188 1745 2225 vu.
1782 2179 1831 2224 2.
1880 2176 1897 2204 ‘
1923 2175 2230 2225 Pestilentia
2272 2172 2393 2225 fuit.
2457 2175 2535 2226 Eo
2578 2172 2713 2223 nibil

1643 2250 1858 2314 dignum
1894 2253 2141 2302 memoria
2175 2250 2385 2302 actum!
2458 2265 2587 2301 vm.
2624 2253 2710 2312 17.

1640 2325 1659 2355 ⁸
1683 2327 1761 2375 Eo
1782 2340 1847 2375 ex
1879 2340 2007 2390 agro
2039 2326 2265 2378 Sidicino
2298 2326 2561 2377 exercitus
2600 2339 2708 2375 non

1644 2409 1727 2451 est
1765 2401 2058 2452 deductus.’
2128 2417 2255 2453 vm.
2299 2407 2380 2454 80.
2428 2403 2443 2432 ‘
2472 2401 2709 2452 Credere

1644 2479 1778 2529 libet
1810 2480 2009 2529 auctori
2046 2480 2228 2541 Fabio,
2261 2494 2324 2530 eo
2358 2478 2573 2535 factum,
2606 2480 2715 2538 nel

1645 2557 1746 2605 ὅτε.
1774 2564 1829 2606 et
1850 2569 1994 2619 saepe
2015 2557 2156 2606 alibi.
2221 2557 2358 2607 Vide
2381 2557 2616 2607 Cortium
2640 2556 2708 2606 ad

1646 2633 1787 2682 Plin.
1820 2633 1990 2696 Epist.
2011 2646 2050 2684 1.
2078 2640 2129 2684 ⁶.
2165 2634 2266 2698 §⁴.
2299 2652 2304 2657 ·
2330 2634 2459 2683 Mox
2487 2648 2711 2698 perseeu-

1646 2714 1773 2759 tores
1798 2709 1949 2759 Harl.
1976 2714 2020 2757 l.
2050 2715 2313 2773 persecutos
2334 2709 2481 2760 Port.

1669 2846 1676 2857 ,
1712 2785 1741 2849 §
1761 2788 1794 2834 4
1829 2785 2108 2848 Indiguitas
2125 2785 2294 2849 maior,
2317 2801 2455 2849 quom
2473 2801 2607 2843 cam,
2625 2801 2713 2851 po·

1640 2860 1907 2925 putationis
1930 2861 2338 2926 Tarquiniensium
2357 2860 2489 2925 fuit]
2519 2860 2586 2911 Τὸ
2607 2877 2708 2912 ma·

1631 2936 1719 2997 jor
1751 2935 1929 2987 deficit
1962 2937 2015 2987 in
2044 2938 2167 2986 Lov.
2190 2941 2237 2986 1.
2303 2935 2366 2985 Id
2391 2938 2709 3000 transponit,

1646 3026 1709 3063 ae
1745 3012 1963 3077 prefert
1997 3013 2180 3075 Iactig..
2201 3027 2340 3077 qaam
2380 3026 2515 3074 care,
2541 3013 2708 3076 popul.

1650 3089 1877 3152 Tarquini.
1899 3087 2049 3148 mqy‘or
2065 3087 2173 3148 fuit
2204 3087 2350 3138 Leid.
2371 3091 2422 3138 2.
2457 3088 2543 3153 qui
2567 3088 2707 3153 idern

1646 3165 1815 3215 codex
1837 3178 1955 3214 mox
1978 3165 2148 3214 verbis
2181 3179 2327 3229 seqq.
2360 3165 2491 3228 legit
2518 3165 2573 3214 in
2603 3165 2709 3215 lon·

1641 3256 1758 3305 gam
1775 3242 1934 3292 delato
1955 3242 2002 3290 ei
2020 3254 2098 3290 res
2116 3245 2204 3291 est.
2691 3258 2697 3267 ·

1712 3319 1793 3381 §5
1826 3316 1895 3367 A.
1931 3317 2207 3367 Postumius
2242 3321 2291 3367 et
2318 3316 2383 3367 L.
2411 3317 2582 3366 Julian
2614 3332 2709 3368 non

1631 3392 1770 3456 justo
1805 3393 2009 3455 delecta]
2039 3393 2256 3455 Scripti,
2295 3392 2347 3441 in
2385 3392 2574 3457 quibus
2610 3394 2709 3444 boe

1645 3485 1760 3534 cap.
1792 3478 1938 3521 recte
1960 3469 2079 3520 Auli
2101 3483 2396 3535 praenomen
2440 3471 2707 3522 Postumio
2782 3477 2792 3485 '

1644 3546 1991 3610 tribuebatur,
2023 3547 2108 3596 hic
2139 3545 2254 3596 fere
2290 3546 2447 3596 editis
2490 3562 2708 3598 censen·

1646 3623 1803 3681 finnt,
1845 3629 1901 3673 et
1941 3622 2172 3673 Aurelius
2205 3623 2483 3672 Postumius
2520 3623 2707 3687 praefe·

1647 3707 1788 3751 runt.
1823 3701 1983 3751 Certe
2005 3701 2077 3751 ita
2101 3699 2453 3750 babentVoss.
2468 3709 2707 3766 uterque,

1649 3776 1799 3827 Leid.
1836 3783 2073 3841 uterque,
2104 3779 2228 3827 Lov.
2260 3776 2515 3841 quinque,
2553 3774 2704 3829 Port.

1647 3852 1785 3903 Hav.
1807 3859 1864 3903 et
1886 3850 2067 3915 fragm.
2102 3852 2238 3902 Hav-
2302 3851 2388 3902 Ita
2417 3852 2542 3902 alibi
2565 3866 2706 3925 saepe

1648 3934 1930 3992 peccarunt
1953 3928 2166 3978 librarii.
2211 3927 2349 3977 Vide
2365 3928 2431 3978 ad
2452 3929 2599 3993 Epit.
2622 3930 2707 3979 lib.

1645 4018 1843 4057 mxxiv.
1906 4006 2033 4055 Tum
2057 4004 2184 4056 Julii
2207 4019 2510 4070 praenomen
2530 4006 2707 4057 Lucius

1644 4083 1902 4134 omittitur
1941 4082 1994 4131 in
2031 4083 2182 4134 Harl.
2221 4086 2271 4132 1.
2340 4083 2581 4147 Denique
2616 4098 2708 4134 noa

1628 4158 1768 4222 justo
1806 4160 1985 4210 dilectu
2025 4159 2162 4209 Flor.
2204 4160 2358 4210 Voss.
2392 4163 2440 4209 1.
2483 4158 2638 4210 Leid.
2660 4163 2707 4208 1.

1643 4238 1775 4288 LoV.
1809 4240 1855 4286 1.
1904 4243 1960 4287 et
2004 4235 2187 4301 fragm.
2236 4237 2377 4287 Har.
2466 4235 2605 4286 Vide
2640 4234 2705 4286 ad

1643 4326 1868 4371 mvn.
1891 4316 1975 4365 51.
1996 4314 2026 4379 ᾧ
2048 4316 2100 4367 7.
2135 4312 2265 4365 Mox
2298 4328 2332 4364 a
2363 4312 2578 4365 tribunis
2603 4314 2704 4379 pte·
