<?xml version="1.0" encoding="UTF-8"?>
<!DOCTYPE html PUBLIC "-//W3C//DTD XHTML 1.0 Transitional//EN"
    "http://www.w3.org/TR/xhtml1/DTD/xhtml1-transitional.dtd">
<html xmlns="http://www.w3.org/1999/xhtml" xml:lang="en" lang="en">
 <head>
  <title>
</title>
<meta http-equiv="Content-Type" content="text/html;charset=utf-8" />
  <meta name='ocr-system' content='tesseract 3.04.00' />
  <meta name='ocr-capabilities' content='ocr_page ocr_carea ocr_par ocr_line ocrx_word'/>
</head>
<body>
  <div class='ocr_page' id='page_1' title='image "./tliviipatavinih12unkngoog_0200.png"; bbox 0 0 2934 4925; ppageno 0'>
   <div class='ocr_carea' id='block_1_1' title="bbox 490 387 667 454">
    <p class='ocr_par' dir='ltr' id='par_1_1' title="bbox 490 387 667 454">
     <span class='ocr_line' id='line_1_1' title="bbox 490 387 667 454; baseline -0.011 0"><span class='ocrx_word' id='word_1_1' title='bbox 490 387 667 454; x_wconf 75' lang='lat'>&#39;7704</span> 
     </span>
    </p>
   </div>
   <div class='ocr_carea' id='block_1_2' title="bbox 473 493 487 525">
    <p class='ocr_par' dir='ltr' id='par_1_2' title="bbox 473 493 487 525">
     <span class='ocr_line' id='line_1_2' title="bbox 473 493 487 525; baseline 0 0"><span class='ocrx_word' id='word_1_2' title='bbox 473 493 487 525; x_wconf 69' lang='grc' dir='ltr'><em>ζ</em></span> 
     </span>
    </p>
   </div>
   <div class='ocr_carea' id='block_1_3' title="bbox 484 539 1556 4265">
    <p class='ocr_par' dir='ltr' id='par_1_3' title="bbox 484 539 1556 4265">
     <span class='ocr_line' id='line_1_3' title="bbox 491 539 1549 605; baseline -0.005 -10"><span class='ocrx_word' id='word_1_3' title='bbox 491 551 549 596; x_wconf 85' lang='lat' dir='ltr'>et</span> <span class='ocrx_word' id='word_1_4' title='bbox 571 542 811 605; x_wconf 70' lang='lat' dir='ltr'>adagium</span> <span class='ocrx_word' id='word_1_5' title='bbox 831 539 1045 605; x_wconf 59' lang='grc' dir='ltr'>φυκίων,</span> <span class='ocrx_word' id='word_1_6' title='bbox 1072 540 1183 591; x_wconf 83' lang='lat' dir='ltr'>sive</span> <span class='ocrx_word' id='word_1_7' title='bbox 1215 540 1400 601; x_wconf 60' lang='grc' dir='ltr'>Φωκικὴ</span> <span class='ocrx_word' id='word_1_8' title='bbox 1429 539 1549 591; x_wconf 62' lang='grc' dir='ltr'>ἀπό.</span> 
     </span>
     <span class='ocr_line' id='line_1_4' title="bbox 493 620 1549 683; baseline -0.004 -11"><span class='ocrx_word' id='word_1_9' title='bbox 493 638 616 682; x_wconf 72' lang='grc' dir='ltr'>νοω,</span> <span class='ocrx_word' id='word_1_10' title='bbox 642 621 953 671; x_wconf 65' lang='lat' dir='ltr'>Phocensis·-</span> <span class='ocrx_word' id='word_1_11' title='bbox 968 620 1250 683; x_wconf 59' lang='lat' dir='ltr'>desperatio.</span> <span class='ocrx_word' id='word_1_12' title='bbox 1292 621 1432 670; x_wconf 82' lang='lat' dir='ltr'>Hine</span> <span class='ocrx_word' id='word_1_13' title='bbox 1452 620 1549 669; x_wconf 82' lang='lat' dir='ltr'>La·</span> 
     </span>
     <span class='ocr_line' id='line_1_5' title="bbox 492 693 1552 748; baseline -0.006 0"><span class='ocrx_word' id='word_1_14' title='bbox 492 698 615 748; x_wconf 71' lang='lat' dir='ltr'>sinis</span> <span class='ocrx_word' id='word_1_15' title='bbox 637 697 827 746; x_wconf 81' lang='lat' dir='ltr'>erroris</span> <span class='ocrx_word' id='word_1_16' title='bbox 851 697 1057 746; x_wconf 86' lang='lat' dir='ltr'>occasio</span> <span class='ocrx_word' id='word_1_17' title='bbox 1080 696 1132 745; x_wconf 91' lang='lat' dir='ltr'>in</span> <span class='ocrx_word' id='word_1_18' title='bbox 1154 697 1171 725; x_wconf 81' lang='lat'>⁸</span> <span class='ocrx_word' id='word_1_19' title='bbox 1188 693 1552 745; x_wconf 76' lang='lat' dir='ltr'>Phoeaeensis’</span> 
     </span>
     <span class='ocr_line' id='line_1_6' title="bbox 491 771 1551 835; baseline -0.003 -11"><span class='ocrx_word' id='word_1_20' title='bbox 491 782 549 826; x_wconf 87' lang='lat' dir='ltr'>et</span> <span class='ocrx_word' id='word_1_21' title='bbox 569 777 584 804; x_wconf 90' lang='lat'>‘</span> <span class='ocrx_word' id='word_1_22' title='bbox 593 774 872 823; x_wconf 76' lang='lat' dir='ltr'>Phocensis</span> <span class='ocrx_word' id='word_1_23' title='bbox 894 771 907 793; x_wconf 90' lang='lat'>’</span> <span class='ocrx_word' id='word_1_24' title='bbox 926 773 1036 834; x_wconf 81' lang='lat' dir='ltr'>sive</span> <span class='ocrx_word' id='word_1_25' title='bbox 1060 776 1076 801; x_wconf 79' lang='lat'>⁸</span> <span class='ocrx_word' id='word_1_26' title='bbox 1092 771 1471 835; x_wconf 79' lang='lat' dir='ltr'>Phocidensis‚’</span> <span class='ocrx_word' id='word_1_27' title='bbox 1494 779 1551 821; x_wconf 81' lang='lat' dir='ltr'>nt</span> 
     </span>
     <span class='ocr_line' id='line_1_7' title="bbox 492 850 1551 900; baseline -0.002 -1"><span class='ocrx_word' id='word_1_28' title='bbox 492 851 679 900; x_wconf 85' lang='lat' dir='ltr'>multos</span> <span class='ocrx_word' id='word_1_29' title='bbox 726 850 1073 900; x_wconf 83' lang='lat' dir='ltr'>Romanorum</span> <span class='ocrx_word' id='word_1_30' title='bbox 1119 851 1204 898; x_wconf 81' lang='lat' dir='ltr'>vel</span> <span class='ocrx_word' id='word_1_31' title='bbox 1242 863 1343 898; x_wconf 91' lang='lat' dir='ltr'>non</span> <span class='ocrx_word' id='word_1_32' title='bbox 1381 857 1551 899; x_wconf 79' lang='lat' dir='ltr'>atten-</span> 
     </span>
     <span class='ocr_line' id='line_1_8' title="bbox 491 926 1552 991; baseline -0.001 -17"><span class='ocrx_word' id='word_1_33' title='bbox 491 927 652 989; x_wconf 85' lang='lat' dir='ltr'>disse,</span> <span class='ocrx_word' id='word_1_34' title='bbox 676 928 758 977; x_wconf 74' lang='lat' dir='ltr'>vel</span> <span class='ocrx_word' id='word_1_35' title='bbox 783 927 1048 991; x_wconf 78' lang='lat' dir='ltr'>ignorasse</span> <span class='ocrx_word' id='word_1_36' title='bbox 1069 926 1122 976; x_wconf 93' lang='lat' dir='ltr'>id</span> <span class='ocrx_word' id='word_1_37' title='bbox 1158 926 1435 975; x_wconf 85' lang='lat' dir='ltr'>discrimen</span> <span class='ocrx_word' id='word_1_38' title='bbox 1456 939 1552 989; x_wconf 82' lang='lat' dir='ltr'>pn·</span> 
     </span>
     <span class='ocr_line' id='line_1_9' title="bbox 490 1000 1553 1052; baseline -0.001 0"><span class='ocrx_word' id='word_1_39' title='bbox 490 1009 617 1052; x_wconf 74' lang='lat' dir='ltr'>tem.</span> <span class='ocrx_word' id='word_1_40' title='bbox 663 1002 798 1051; x_wconf 84' lang='lat' dir='ltr'>Nam</span> <span class='ocrx_word' id='word_1_41' title='bbox 815 1009 871 1051; x_wconf 79' lang='lat' dir='ltr'>et</span> <span class='ocrx_word' id='word_1_42' title='bbox 884 1001 1110 1052; x_wconf 78' lang='lat' dir='ltr'>Ovidius</span> <span class='ocrx_word' id='word_1_43' title='bbox 1145 1008 1160 1030; x_wconf 84' lang='lat'>‘</span> <span class='ocrx_word' id='word_1_44' title='bbox 1180 1000 1498 1051; x_wconf 81' lang='lat' dir='ltr'>Phocaicns’</span> <span class='ocrx_word' id='word_1_45' title='bbox 1522 1016 1553 1051; x_wconf 84' lang='lat' dir='ltr'>a</span> 
     </span>
     <span class='ocr_line' id='line_1_10' title="bbox 489 1076 1552 1128; baseline -0.001 -1"><span class='ocrx_word' id='word_1_46' title='bbox 489 1079 506 1106; x_wconf 84' lang='lat'>‘</span> <span class='ocrx_word' id='word_1_47' title='bbox 527 1077 756 1128; x_wconf 70' lang='lat' dir='ltr'>Phocea</span> <span class='ocrx_word' id='word_1_48' title='bbox 774 1077 790 1100; x_wconf 90' lang='lat'>’</span> <span class='ocrx_word' id='word_1_49' title='bbox 820 1077 983 1128; x_wconf 78' lang='lat' dir='ltr'>Ionioe</span> <span class='ocrx_word' id='word_1_50' title='bbox 1002 1077 1133 1128; x_wconf 83' lang='lat' dir='ltr'>urbe</span> <span class='ocrx_word' id='word_1_51' title='bbox 1154 1076 1292 1127; x_wconf 80' lang='lat' dir='ltr'>dixit</span> <span class='ocrx_word' id='word_1_52' title='bbox 1311 1079 1447 1128; x_wconf 87' lang='lat' dir='ltr'>Met.</span> <span class='ocrx_word' id='word_1_53' title='bbox 1473 1091 1552 1128; x_wconf 74' lang='lat' dir='ltr'>vs.</span> 
     </span>
     <span class='ocr_line' id='line_1_11' title="bbox 489 1153 1550 1207; baseline 0 -1"><span class='ocrx_word' id='word_1_54' title='bbox 489 1159 540 1206; x_wconf 78' lang='lat'>9.</span> <span class='ocrx_word' id='word_1_55' title='bbox 560 1164 617 1206; x_wconf 82' lang='lat' dir='ltr'>et</span> <span class='ocrx_word' id='word_1_56' title='bbox 637 1163 653 1186; x_wconf 85' lang='lat'>‘</span> <span class='ocrx_word' id='word_1_57' title='bbox 668 1156 921 1206; x_wconf 74' lang='lat' dir='ltr'>Phocoeus</span> <span class='ocrx_word' id='word_1_58' title='bbox 935 1153 949 1178; x_wconf 85' lang='grc'><strong><em>’</em></strong></span> <span class='ocrx_word' id='word_1_59' title='bbox 965 1171 996 1205; x_wconf 78' lang='lat' dir='ltr'>n</span> <span class='ocrx_word' id='word_1_60' title='bbox 1013 1158 1029 1183; x_wconf 79' lang='lat'>⁸</span> <span class='ocrx_word' id='word_1_61' title='bbox 1047 1155 1304 1206; x_wconf 80' lang='lat' dir='ltr'>Phocide&#39;</span> <span class='ocrx_word' id='word_1_62' title='bbox 1327 1156 1550 1207; x_wconf 72' lang='lat' dir='ltr'>Graeciae</span> 
     </span>
     <span class='ocr_line' id='line_1_12' title="bbox 491 1232 1547 1296; baseline 0.002 -16"><span class='ocrx_word' id='word_1_63' title='bbox 491 1232 707 1295; x_wconf 75' lang='lat' dir='ltr'>regione</span> <span class='ocrx_word' id='word_1_64' title='bbox 725 1246 781 1282; x_wconf 85' lang='lat' dir='ltr'>v.</span> <span class='ocrx_word' id='word_1_65' title='bbox 803 1236 918 1282; x_wconf 80' lang='grc'><strong>276.</strong></span> <span class='ocrx_word' id='word_1_66' title='bbox 942 1232 1009 1282; x_wconf 88' lang='lat' dir='ltr'>de</span> <span class='ocrx_word' id='word_1_67' title='bbox 1032 1232 1273 1295; x_wconf 83' lang='lat' dir='ltr'>Pyrenen</span> <span class='ocrx_word' id='word_1_68' title='bbox 1297 1238 1547 1296; x_wconf 77' lang='lat' dir='ltr'>tyranno:</span> 
     </span>
     <span class='ocr_line' id='line_1_13' title="bbox 490 1305 1552 1359; baseline -0.002 0"><span class='ocrx_word' id='word_1_69' title='bbox 490 1317 551 1359; x_wconf 85' lang='lat' dir='ltr'>et</span> <span class='ocrx_word' id='word_1_70' title='bbox 590 1321 668 1358; x_wconf 78' lang='lat' dir='ltr'>x!-</span> <span class='ocrx_word' id='word_1_71' title='bbox 711 1312 827 1358; x_wconf 74' lang='grc'><strong>848.</strong></span> <span class='ocrx_word' id='word_1_72' title='bbox 878 1313 894 1337; x_wconf 91' lang='lat'>‘</span> <span class='ocrx_word' id='word_1_73' title='bbox 914 1308 1172 1357; x_wconf 82' lang='lat' dir='ltr'>Phocaens</span> <span class='ocrx_word' id='word_1_74' title='bbox 1218 1305 1466 1357; x_wconf 70' lang='lat' dir='ltr'>Anetorz&#39;</span> <span class='ocrx_word' id='word_1_75' title='bbox 1496 1314 1552 1357; x_wconf 83' lang='lat' dir='ltr'>et</span> 
     </span>
     <span class='ocr_line' id='line_1_14' title="bbox 490 1384 1551 1448; baseline -0.001 -14"><span class='ocrx_word' id='word_1_76' title='bbox 490 1384 617 1434; x_wconf 80' lang='lat' dir='ltr'>Aul.</span> <span class='ocrx_word' id='word_1_77' title='bbox 640 1385 778 1436; x_wconf 87' lang='lat' dir='ltr'>Gell.</span> <span class='ocrx_word' id='word_1_78' title='bbox 794 1399 853 1434; x_wconf 89' lang='lat' dir='ltr'>x.</span> <span class='ocrx_word' id='word_1_79' title='bbox 877 1389 964 1435; x_wconf 79' lang='lat'>16.</span> <span class='ocrx_word' id='word_1_80' title='bbox 979 1400 1044 1434; x_wconf 82' lang='lat' dir='ltr'>ex</span> <span class='ocrx_word' id='word_1_81' title='bbox 1068 1386 1102 1436; x_wconf 84' lang='lat' dir='ltr'>J</span> <span class='ocrx_word' id='word_1_82' title='bbox 1109 1386 1213 1433; x_wconf 87' lang='lat' dir='ltr'>ulio</span> <span class='ocrx_word' id='word_1_83' title='bbox 1249 1384 1461 1448; x_wconf 77' lang='lat' dir='ltr'><strong>Hygino</strong></span> <span class='ocrx_word' id='word_1_84' title='bbox 1484 1384 1551 1433; x_wconf 89' lang='lat' dir='ltr'>si·</span> 
     </span>
     <span class='ocr_line' id='line_1_15' title="bbox 490 1459 1550 1522; baseline 0.002 -13"><span class='ocrx_word' id='word_1_85' title='bbox 490 1461 685 1510; x_wconf 80' lang='lat' dir='ltr'>militer</span> <span class='ocrx_word' id='word_1_86' title='bbox 705 1462 721 1489; x_wconf 73' lang='lat'><strong>⁴</strong></span> <span class='ocrx_word' id='word_1_87' title='bbox 741 1475 808 1509; x_wconf 83' lang='lat' dir='ltr'>ex</span> <span class='ocrx_word' id='word_1_88' title='bbox 832 1467 968 1509; x_wconf 84' lang='lat' dir='ltr'>terra</span> <span class='ocrx_word' id='word_1_89' title='bbox 987 1460 1218 1510; x_wconf 79' lang='lat' dir='ltr'>Phocide</span> <span class='ocrx_word' id='word_1_90' title='bbox 1232 1459 1247 1482; x_wconf 86' lang='lat'><em>’</em></span> <span class='ocrx_word' id='word_1_91' title='bbox 1265 1463 1358 1522; x_wconf 81' lang='lat' dir='ltr'>ait,</span> <span class='ocrx_word' id='word_1_92' title='bbox 1377 1460 1459 1510; x_wconf 87' lang='lat' dir='ltr'>nbi</span> <span class='ocrx_word' id='word_1_93' title='bbox 1485 1463 1550 1511; x_wconf 89' lang='lat' dir='ltr'>de</span> 
     </span>
     <span class='ocr_line' id='line_1_16' title="bbox 492 1538 1549 1601; baseline -0.001 -14"><span class='ocrx_word' id='word_1_94' title='bbox 492 1539 693 1601; x_wconf 82' lang='lat' dir='ltr'>origine</span> <span class='ocrx_word' id='word_1_95' title='bbox 725 1538 1151 1599; x_wconf 71' lang='lat' dir='ltr'>Massiliensium,</span> <span class='ocrx_word' id='word_1_96' title='bbox 1196 1539 1304 1601; x_wconf 82' lang='lat' dir='ltr'>qni,</span> <span class='ocrx_word' id='word_1_97' title='bbox 1340 1551 1442 1587; x_wconf 91' lang='lat' dir='ltr'>non</span> <span class='ocrx_word' id='word_1_98' title='bbox 1482 1551 1549 1586; x_wconf 84' lang='lat' dir='ltr'>ex</span> 
     </span>
     <span class='ocr_line' id='line_1_17' title="bbox 491 1615 1551 1678; baseline 0 -14"><span class='ocrx_word' id='word_1_99' title='bbox 491 1617 507 1644; x_wconf 90' lang='lat'>‘</span> <span class='ocrx_word' id='word_1_100' title='bbox 527 1616 758 1665; x_wconf 77' lang='lat' dir='ltr'>Phocide</span> <span class='ocrx_word' id='word_1_101' title='bbox 780 1615 795 1637; x_wconf 88' lang='lat'>&#39;</span> <span class='ocrx_word' id='word_1_102' title='bbox 849 1616 1076 1666; x_wconf 78' lang='lat' dir='ltr'>Graeciae</span> <span class='ocrx_word' id='word_1_103' title='bbox 1110 1616 1337 1678; x_wconf 74' lang='lat' dir='ltr'>regione,</span> <span class='ocrx_word' id='word_1_104' title='bbox 1389 1615 1483 1664; x_wconf 89' lang='lat' dir='ltr'>sed</span> <span class='ocrx_word' id='word_1_105' title='bbox 1519 1631 1551 1664; x_wconf 91' lang='lat' dir='ltr'>a</span> 
     </span>
     <span class='ocr_line' id='line_1_18' title="bbox 490 1690 1550 1755; baseline 0 -14"><span class='ocrx_word' id='word_1_106' title='bbox 490 1693 507 1720; x_wconf 79' lang='lat'>⁸</span> <span class='ocrx_word' id='word_1_107' title='bbox 530 1690 787 1741; x_wconf 82' lang='lat' dir='ltr'>Phocaea&#39;</span> <span class='ocrx_word' id='word_1_108' title='bbox 823 1691 986 1741; x_wconf 77' lang='lat' dir='ltr'>Ioniae</span> <span class='ocrx_word' id='word_1_109' title='bbox 1010 1692 1139 1741; x_wconf 86' lang='lat' dir='ltr'>urbe</span> <span class='ocrx_word' id='word_1_110' title='bbox 1165 1692 1296 1755; x_wconf 84' lang='lat' dir='ltr'>pulsi</span> <span class='ocrx_word' id='word_1_111' title='bbox 1327 1692 1391 1741; x_wconf 88' lang='lat' dir='ltr'>ab</span> <span class='ocrx_word' id='word_1_112' title='bbox 1416 1692 1550 1741; x_wconf 86' lang='lat' dir='ltr'>Har-</span> 
     </span>
     <span class='ocr_line' id='line_1_19' title="bbox 488 1765 1548 1832; baseline 0.002 -17"><span class='ocrx_word' id='word_1_113' title='bbox 488 1772 626 1830; x_wconf 74' lang='lat' dir='ltr'>pa&#39;go</span> <span class='ocrx_word' id='word_1_114' title='bbox 648 1767 773 1830; x_wconf 79' lang='lat' dir='ltr'>Cyri</span> <span class='ocrx_word' id='word_1_115' title='bbox 801 1765 1072 1832; x_wconf 74' lang='lat' dir='ltr'>praefecro,</span> <span class='ocrx_word' id='word_1_116' title='bbox 1098 1770 1149 1815; x_wconf 81' lang='lat' dir='ltr'>in</span> <span class='ocrx_word' id='word_1_117' title='bbox 1180 1769 1313 1816; x_wconf 74' lang='lat' dir='ltr'>lianc</span> <span class='ocrx_word' id='word_1_118' title='bbox 1336 1782 1548 1817; x_wconf 83' lang='lat' dir='ltr'>conces·</span> 
     </span>
     <span class='ocr_line' id='line_1_20' title="bbox 491 1843 1550 1905; baseline -0.001 -14"><span class='ocrx_word' id='word_1_119' title='bbox 491 1849 670 1891; x_wconf 80' lang='lat' dir='ltr'>serunt</span> <span class='ocrx_word' id='word_1_120' title='bbox 689 1843 879 1893; x_wconf 65' lang='lat' dir='ltr'>Gallim</span> <span class='ocrx_word' id='word_1_121' title='bbox 905 1844 1187 1905; x_wconf 74' lang='lat' dir='ltr'>regionem.</span> <span class='ocrx_word' id='word_1_122' title='bbox 1213 1843 1353 1892; x_wconf 73' lang='lat' dir='ltr'>Glar-</span> <span class='ocrx_word' id='word_1_123' title='bbox 1420 1843 1550 1890; x_wconf 73' lang='lat' dir='ltr'>Piso-</span> 
     </span>
     <span class='ocr_line' id='line_1_21' title="bbox 484 1920 1552 1983; baseline -0.001 -15"><span class='ocrx_word' id='word_1_124' title='bbox 484 1933 593 1969; x_wconf 78' lang='lat' dir='ltr'>caeu</span> <span class='ocrx_word' id='word_1_125' title='bbox 613 1920 882 1982; x_wconf 73' lang='lat' dir='ltr'>legendum</span> <span class='ocrx_word' id='word_1_126' title='bbox 902 1926 1003 1980; x_wconf 85' lang='lat' dir='ltr'>est,</span> <span class='ocrx_word' id='word_1_127' title='bbox 1027 1934 1130 1969; x_wconf 91' lang='lat' dir='ltr'>non</span> <span class='ocrx_word' id='word_1_128' title='bbox 1149 1920 1315 1969; x_wconf 83' lang='lat' dir='ltr'>solnm</span> <span class='ocrx_word' id='word_1_129' title='bbox 1336 1926 1552 1983; x_wconf 81' lang='lat' dir='ltr'>propter</span> 
     </span>
     <span class='ocr_line' id='line_1_22' title="bbox 492 1989 1553 2062; baseline -0.002 -15"><span class='ocrx_word' id='word_1_130' title='bbox 492 1999 745 2059; x_wconf 72' lang='lat' dir='ltr'>rationes,</span> <span class='ocrx_word' id='word_1_131' title='bbox 778 2010 905 2062; x_wconf 87' lang='lat' dir='ltr'>quas</span> <span class='ocrx_word' id='word_1_132' title='bbox 942 1998 1029 2046; x_wconf 86' lang='lat' dir='ltr'>alii</span> <span class='ocrx_word' id='word_1_133' title='bbox 1069 1989 1315 2056; x_wconf 77' lang='lat' dir='ltr'>afferunt,</span> <span class='ocrx_word' id='word_1_134' title='bbox 1341 1995 1431 2060; x_wconf 89' lang='lat' dir='ltr'>qni</span> <span class='ocrx_word' id='word_1_135' title='bbox 1476 1996 1553 2045; x_wconf 86' lang='lat' dir='ltr'>ita</span> 
     </span>
     <span class='ocr_line' id='line_1_23' title="bbox 490 2072 1553 2129; baseline -0.004 -5"><span class='ocrx_word' id='word_1_136' title='bbox 490 2072 874 2124; x_wconf 85' lang='lat' dir='ltr'>emendandum</span> <span class='ocrx_word' id='word_1_137' title='bbox 914 2073 1199 2129; x_wconf 81' lang='lat' dir='ltr'>duxerunt,</span> <span class='ocrx_word' id='word_1_138' title='bbox 1242 2074 1334 2122; x_wconf 86' lang='lat' dir='ltr'>sed</span> <span class='ocrx_word' id='word_1_139' title='bbox 1377 2072 1553 2129; x_wconf 82' lang='lat' dir='ltr'>etiam,</span> 
     </span>
     <span class='ocr_line' id='line_1_24' title="bbox 491 2147 1553 2212; baseline 0 -16"><span class='ocrx_word' id='word_1_140' title='bbox 491 2149 614 2212; x_wconf 82' lang='lat' dir='ltr'>qnia</span> <span class='ocrx_word' id='word_1_141' title='bbox 636 2150 711 2198; x_wconf 80' lang='lat' dir='ltr'>ita</span> <span class='ocrx_word' id='word_1_142' title='bbox 732 2149 888 2197; x_wconf 80' lang='lat' dir='ltr'>estin</span> <span class='ocrx_word' id='word_1_143' title='bbox 920 2147 1308 2211; x_wconf 72' lang='lat' dir='ltr'>exemplaribus</span> <span class='ocrx_word' id='word_1_144' title='bbox 1346 2149 1553 2211; x_wconf 76' lang='lat' dir='ltr'>priscis.</span> 
     </span>
     <span class='ocr_line' id='line_1_25' title="bbox 491 2224 1553 2289; baseline -0.001 -14"><span class='ocrx_word' id='word_1_145' title='bbox 491 2226 664 2287; x_wconf 72' lang='lat' dir='ltr'>Sigon.</span> <span class='ocrx_word' id='word_1_146' title='bbox 731 2225 885 2274; x_wconf 84' lang='lat' dir='ltr'>Edidi</span> <span class='ocrx_word' id='word_1_147' title='bbox 902 2225 1129 2289; x_wconf 64' lang='lat' dir='ltr'>Phocea,</span> <span class='ocrx_word' id='word_1_148' title='bbox 1144 2224 1263 2288; x_wconf 81' lang='lat' dir='ltr'>quia</span> <span class='ocrx_word' id='word_1_149' title='bbox 1287 2225 1423 2275; x_wconf 83' lang='lat' dir='ltr'>Pall.</span> <span class='ocrx_word' id='word_1_150' title='bbox 1444 2233 1553 2275; x_wconf 85' lang='lat' dir='ltr'>tres</span> 
     </span>
     <span class='ocr_line' id='line_1_26' title="bbox 492 2301 1553 2367; baseline 0 -16"><span class='ocrx_word' id='word_1_151' title='bbox 492 2303 673 2367; x_wconf 71' lang='lat' dir='ltr'>Phoce-</span> <span class='ocrx_word' id='word_1_152' title='bbox 737 2303 807 2352; x_wconf 77' lang='lat' dir='ltr'>Et</span> <span class='ocrx_word' id='word_1_153' title='bbox 833 2315 1084 2366; x_wconf 78' lang='lat' dir='ltr'>expresse</span> <span class='ocrx_word' id='word_1_154' title='bbox 1108 2301 1243 2351; x_wconf 79' lang='lat' dir='ltr'>illam</span> <span class='ocrx_word' id='word_1_155' title='bbox 1269 2302 1553 2352; x_wconf 83' lang='lat' dir='ltr'>lectionem</span> 
     </span>
     <span class='ocr_line' id='line_1_27' title="bbox 491 2377 1554 2443; baseline 0.001 -16"><span class='ocrx_word' id='word_1_156' title='bbox 491 2378 732 2443; x_wconf 79' lang='lat' dir='ltr'>vulgavit</span> <span class='ocrx_word' id='word_1_157' title='bbox 754 2377 1014 2428; x_wconf 86' lang='lat' dir='ltr'>Andreas.</span> <span class='ocrx_word' id='word_1_158' title='bbox 1049 2377 1205 2427; x_wconf 70' lang='lat' dir='ltr'>Gema.</span> <span class='ocrx_word' id='word_1_159' title='bbox 1273 2378 1437 2427; x_wconf 80' lang='lat' dir='ltr'>Recte</span> <span class='ocrx_word' id='word_1_160' title='bbox 1472 2379 1554 2428; x_wconf 84' lang='lat' dir='ltr'>Si·</span> 
     </span>
     <span class='ocr_line' id='line_1_28' title="bbox 490 2454 1551 2520; baseline 0.001 -15"><span class='ocrx_word' id='word_1_161' title='bbox 490 2457 679 2520; x_wconf 73' lang='lat' dir='ltr'>gonius</span> <span class='ocrx_word' id='word_1_162' title='bbox 699 2471 729 2504; x_wconf 91' lang='lat' dir='ltr'>e</span> <span class='ocrx_word' id='word_1_163' title='bbox 754 2454 937 2520; x_wconf 76' lang='lat' dir='ltr'>priscis</span> <span class='ocrx_word' id='word_1_164' title='bbox 958 2455 1196 2506; x_wconf 68' lang='lat' dir='ltr'>Psocoeae</span> <span class='ocrx_word' id='word_1_165' title='bbox 1215 2470 1332 2505; x_wconf 82' lang='lat' dir='ltr'>narn</span> <span class='ocrx_word' id='word_1_166' title='bbox 1346 2465 1402 2506; x_wconf 84' lang='lat' dir='ltr'>et</span> <span class='ocrx_word' id='word_1_167' title='bbox 1419 2456 1551 2506; x_wconf 87' lang='lat' dir='ltr'>Mss.</span> 
     </span>
     <span class='ocr_line' id='line_1_29' title="bbox 494 2533 1547 2598; baseline -0.001 -15"><span class='ocrx_word' id='word_1_168' title='bbox 494 2534 631 2584; x_wconf 87' lang='lat' dir='ltr'>Pall.</span> <span class='ocrx_word' id='word_1_169' title='bbox 655 2533 830 2594; x_wconf 68' lang='lat' dir='ltr'>Phoco,</span> <span class='ocrx_word' id='word_1_170' title='bbox 843 2533 997 2583; x_wconf 85' lang='lat' dir='ltr'>Voss.</span> <span class='ocrx_word' id='word_1_171' title='bbox 1014 2533 1198 2590; x_wconf 65' lang='lat' dir='ltr'>Pboou,</span> <span class='ocrx_word' id='word_1_172' title='bbox 1215 2533 1386 2583; x_wconf 81' lang='lat' dir='ltr'>Helm.</span> <span class='ocrx_word' id='word_1_173' title='bbox 1402 2548 1547 2598; x_wconf 85' lang='lat' dir='ltr'>pror·</span> 
     </span>
     <span class='ocr_line' id='line_1_30' title="bbox 493 2609 1551 2661; baseline 0 -2"><span class='ocrx_word' id='word_1_174' title='bbox 493 2624 581 2660; x_wconf 86' lang='lat' dir='ltr'>sus</span> <span class='ocrx_word' id='word_1_175' title='bbox 614 2611 839 2661; x_wconf 68' lang='lat' dir='ltr'>Phocea.</span> <span class='ocrx_word' id='word_1_176' title='bbox 906 2611 978 2659; x_wconf 85' lang='lat' dir='ltr'>Et</span> <span class='ocrx_word' id='word_1_177' title='bbox 1011 2609 1250 2658; x_wconf 84' lang='lat' dir='ltr'>Andreas</span> <span class='ocrx_word' id='word_1_178' title='bbox 1286 2611 1407 2659; x_wconf 87' lang='lat' dir='ltr'>olim</span> <span class='ocrx_word' id='word_1_179' title='bbox 1441 2609 1551 2659; x_wconf 90' lang='lat' dir='ltr'>edi·</span> 
     </span>
     <span class='ocr_line' id='line_1_31' title="bbox 490 2686 1550 2750; baseline 0.001 -14"><span class='ocrx_word' id='word_1_180' title='bbox 490 2686 590 2737; x_wconf 87' lang='lat' dir='ltr'>dit.</span> <span class='ocrx_word' id='word_1_181' title='bbox 639 2688 726 2737; x_wconf 85' lang='lat' dir='ltr'>Ne</span> <span class='ocrx_word' id='word_1_182' title='bbox 749 2686 1146 2750; x_wconf 77' lang='lat' dir='ltr'>vulgatam-quis</span> <span class='ocrx_word' id='word_1_183' title='bbox 1168 2686 1305 2736; x_wconf 81' lang='lat' dir='ltr'>Livii</span> <span class='ocrx_word' id='word_1_184' title='bbox 1321 2700 1550 2737; x_wconf 84' lang='lat' dir='ltr'>errorem</span> 
     </span>
     <span class='ocr_line' id='line_1_32' title="bbox 493 2762 1553 2827; baseline 0 -14"><span class='ocrx_word' id='word_1_185' title='bbox 493 2771 663 2827; x_wconf 80' lang='lat' dir='ltr'>puter.</span> <span class='ocrx_word' id='word_1_186' title='bbox 697 2764 755 2813; x_wconf 86' lang='lat' dir='ltr'>J.</span> <span class='ocrx_word' id='word_1_187' title='bbox 794 2763 855 2814; x_wconf 81' lang='lat' dir='ltr'>F.</span> <span class='ocrx_word' id='word_1_188' title='bbox 903 2763 1058 2812; x_wconf 75' lang='lat' dir='ltr'>Gron.</span> <span class='ocrx_word' id='word_1_189' title='bbox 1144 2762 1192 2811; x_wconf 79' lang='grc' dir='ltr'><strong><em>Δ</em></strong></span> <span class='ocrx_word' id='word_1_190' title='bbox 1230 2763 1459 2827; x_wconf 70' lang='lat' dir='ltr'>Phocide,</span> <span class='ocrx_word' id='word_1_191' title='bbox 1494 2769 1553 2813; x_wconf 89' lang='lat' dir='ltr'>nt</span> 
     </span>
     <span class='ocr_line' id='line_1_33' title="bbox 492 2839 1553 2905; baseline 0.001 -15"><span class='ocrx_word' id='word_1_192' title='bbox 492 2841 648 2903; x_wconf 68' lang='lat' dir='ltr'>vulgo</span> <span class='ocrx_word' id='word_1_193' title='bbox 684 2840 822 2905; x_wconf 83' lang='lat' dir='ltr'>typis</span> <span class='ocrx_word' id='word_1_194' title='bbox 861 2839 1041 2904; x_wconf 79' lang='lat' dir='ltr'>excusi</span> <span class='ocrx_word' id='word_1_195' title='bbox 1075 2849 1352 2890; x_wconf 85' lang='lat' dir='ltr'>servarunt</span> <span class='ocrx_word' id='word_1_196' title='bbox 1390 2856 1553 2905; x_wconf 84' lang='lat' dir='ltr'>nsque</span> 
     </span>
     <span class='ocr_line' id='line_1_34' title="bbox 492 2915 1554 2980; baseline 0 -13"><span class='ocrx_word' id='word_1_197' title='bbox 492 2918 558 2967; x_wconf 88' lang='lat' dir='ltr'>ad</span> <span class='ocrx_word' id='word_1_198' title='bbox 583 2917 922 2978; x_wconf 74' lang='lat' dir='ltr'>Gronoviusn,</span> <span class='ocrx_word' id='word_1_199' title='bbox 938 2917 1060 2966; x_wconf 87' lang='lat' dir='ltr'>licet</span> <span class='ocrx_word' id='word_1_200' title='bbox 1081 2915 1286 2966; x_wconf 84' lang='lat' dir='ltr'>interim</span> <span class='ocrx_word' id='word_1_201' title='bbox 1307 2917 1554 2980; x_wconf 81' lang='lat' dir='ltr'>Sigonius</span> 
     </span>
     <span class='ocr_line' id='line_1_35' title="bbox 491 2992 1554 3050; baseline 0 -6"><span class='ocrx_word' id='word_1_202' title='bbox 491 2996 546 3045; x_wconf 89' lang='lat' dir='ltr'>in</span> <span class='ocrx_word' id='word_1_203' title='bbox 569 2995 676 3044; x_wconf 73' lang='lat' dir='ltr'>sais</span> <span class='ocrx_word' id='word_1_204' title='bbox 694 2993 818 3043; x_wconf 90' lang='lat' dir='ltr'>edd.</span> <span class='ocrx_word' id='word_1_205' title='bbox 841 3007 1074 3043; x_wconf 89' lang='lat' dir='ltr'>errorem</span> <span class='ocrx_word' id='word_1_206' title='bbox 1098 2992 1233 3043; x_wconf 68' lang='lat' dir='ltr'>lanne</span> <span class='ocrx_word' id='word_1_207' title='bbox 1254 2994 1554 3050; x_wconf 82' lang='lat' dir='ltr'>mutaverit,</span> 
     </span>
     <span class='ocr_line' id='line_1_36' title="bbox 490 3069 1552 3134; baseline 0 -13"><span class='ocrx_word' id='word_1_208' title='bbox 490 3073 545 3121; x_wconf 88' lang='lat' dir='ltr'>in</span> <span class='ocrx_word' id='word_1_209' title='bbox 589 3072 731 3121; x_wconf 90' lang='lat' dir='ltr'>nnllo</span> <span class='ocrx_word' id='word_1_210' title='bbox 767 3084 884 3119; x_wconf 85' lang='lat' dir='ltr'>meo</span> <span class='ocrx_word' id='word_1_211' title='bbox 917 3069 1124 3134; x_wconf 67' lang='lat' dir='ltr'>inveni3</span> <span class='ocrx_word' id='word_1_212' title='bbox 1157 3070 1371 3121; x_wconf 83' lang='lat' dir='ltr'>Hearne</span> <span class='ocrx_word' id='word_1_213' title='bbox 1395 3070 1552 3121; x_wconf 80' lang='lat' dir='ltr'>etiam</span> 
     </span>
     <span class='ocr_line' id='line_1_37' title="bbox 492 3146 1554 3210; baseline 0.002 -14"><span class='ocrx_word' id='word_1_214' title='bbox 492 3162 597 3196; x_wconf 87' lang='lat' dir='ltr'>non</span> <span class='ocrx_word' id='word_1_215' title='bbox 619 3148 718 3196; x_wconf 90' lang='lat' dir='ltr'>nisi</span> <span class='ocrx_word' id='word_1_216' title='bbox 742 3148 919 3196; x_wconf 82' lang='lat' dir='ltr'>inuno</span> <span class='ocrx_word' id='word_1_217' title='bbox 939 3146 1115 3196; x_wconf 85' lang='lat' dir='ltr'>Oxon.</span> <span class='ocrx_word' id='word_1_218' title='bbox 1131 3147 1196 3195; x_wconf 88' lang='lat' dir='ltr'>B.</span> <span class='ocrx_word' id='word_1_219' title='bbox 1217 3148 1477 3210; x_wconf 81' lang='lat' dir='ltr'>reperisse</span> <span class='ocrx_word' id='word_1_220' title='bbox 1496 3162 1554 3197; x_wconf 81' lang='lat' dir='ltr'>se</span> 
     </span>
     <span class='ocr_line' id='line_1_38' title="bbox 492 3223 1556 3286; baseline 0.004 -15"><span class='ocrx_word' id='word_1_221' title='bbox 492 3228 719 3272; x_wconf 82' lang='lat' dir='ltr'>testatus</span> <span class='ocrx_word' id='word_1_222' title='bbox 739 3228 840 3286; x_wconf 74' lang='lat' dir='ltr'>est.</span> <span class='ocrx_word' id='word_1_223' title='bbox 882 3225 929 3272; x_wconf 78' lang='grc' dir='ltr'><strong><em>Δ</em></strong></span> <span class='ocrx_word' id='word_1_224' title='bbox 959 3223 1133 3272; x_wconf 71' lang='lat' dir='ltr'>Phoioe</span> <span class='ocrx_word' id='word_1_225' title='bbox 1154 3223 1311 3273; x_wconf 82' lang='lat' dir='ltr'>habet</span> <span class='ocrx_word' id='word_1_226' title='bbox 1335 3224 1475 3273; x_wconf 85' lang='lat' dir='ltr'>Flor.</span> <span class='ocrx_word' id='word_1_227' title='bbox 1523 3240 1556 3275; x_wconf 74' lang='lat' dir='ltr'>a</span> 
     </span>
     <span class='ocr_line' id='line_1_39' title="bbox 493 3297 1556 3351; baseline 0.004 -4"><span class='ocrx_word' id='word_1_228' title='bbox 493 3297 658 3347; x_wconf 70' lang='lat' dir='ltr'>Phoco</span> <span class='ocrx_word' id='word_1_229' title='bbox 679 3297 832 3347; x_wconf 85' lang='lat' dir='ltr'>Voss.</span> <span class='ocrx_word' id='word_1_230' title='bbox 856 3302 905 3347; x_wconf 87' lang='lat'>1.</span> <span class='ocrx_word' id='word_1_231' title='bbox 945 3298 1090 3347; x_wconf 87' lang='lat' dir='ltr'>Leid.</span> <span class='ocrx_word' id='word_1_232' title='bbox 1114 3301 1164 3348; x_wconf 93' lang='grc'>2.</span> <span class='ocrx_word' id='word_1_233' title='bbox 1201 3305 1258 3348; x_wconf 85' lang='lat' dir='ltr'>et</span> <span class='ocrx_word' id='word_1_234' title='bbox 1292 3299 1420 3348; x_wconf 78' lang='lat' dir='ltr'>Lov-</span> <span class='ocrx_word' id='word_1_235' title='bbox 1441 3303 1490 3350; x_wconf 87' lang='lat'>1.</span> <span class='ocrx_word' id='word_1_236' title='bbox 1523 3316 1556 3351; x_wconf 74' lang='lat' dir='ltr'>a</span> 
     </span>
     <span class='ocr_line' id='line_1_40' title="bbox 493 3372 1553 3426; baseline 0.003 -3"><span class='ocrx_word' id='word_1_237' title='bbox 493 3373 655 3424; x_wconf 62' lang='lat' dir='ltr'>Plance</span> <span class='ocrx_word' id='word_1_238' title='bbox 674 3374 828 3421; x_wconf 82' lang='lat' dir='ltr'>Voss.</span> <span class='ocrx_word' id='word_1_239' title='bbox 847 3377 900 3422; x_wconf 94' lang='grc'>2.</span> <span class='ocrx_word' id='word_1_240' title='bbox 928 3372 1079 3423; x_wconf 86' lang='lat' dir='ltr'>Leid.</span> <span class='ocrx_word' id='word_1_241' title='bbox 1104 3377 1150 3421; x_wconf 89' lang='lat'>1.</span> <span class='ocrx_word' id='word_1_242' title='bbox 1187 3374 1312 3423; x_wconf 83' lang='lat' dir='ltr'>Lov.</span> <span class='ocrx_word' id='word_1_243' title='bbox 1347 3379 1398 3424; x_wconf 91' lang='grc'>2.</span> <span class='ocrx_word' id='word_1_244' title='bbox 1425 3378 1476 3424; x_wconf 71' lang='grc'>8.</span> <span class='ocrx_word' id='word_1_245' title='bbox 1503 3379 1553 3426; x_wconf 87' lang='grc'>4.</span> 
     </span>
     <span class='ocr_line' id='line_1_41' title="bbox 491 3449 1555 3503; baseline 0.001 -2"><span class='ocrx_word' id='word_1_246' title='bbox 491 3457 544 3501; x_wconf 74' lang='lat'>⁶.</span> <span class='ocrx_word' id='word_1_247' title='bbox 591 3451 738 3500; x_wconf 83' lang='lat' dir='ltr'>Harl.</span> <span class='ocrx_word' id='word_1_248' title='bbox 771 3454 820 3500; x_wconf 87' lang='grc'>2.</span> <span class='ocrx_word' id='word_1_249' title='bbox 861 3449 1008 3500; x_wconf 87' lang='lat' dir='ltr'>Port.</span> <span class='ocrx_word' id='word_1_250' title='bbox 1050 3450 1276 3500; x_wconf 82' lang='lat' dir='ltr'>Gaertn.</span> <span class='ocrx_word' id='word_1_251' title='bbox 1319 3451 1462 3501; x_wconf 80' lang='lat' dir='ltr'>Hav.</span> <span class='ocrx_word' id='word_1_252' title='bbox 1497 3458 1555 3503; x_wconf 89' lang='lat' dir='ltr'>et</span> 
     </span>
     <span class='ocr_line' id='line_1_42' title="bbox 490 3527 1555 3593; baseline 0.001 -15"><span class='ocrx_word' id='word_1_253' title='bbox 490 3527 680 3593; x_wconf 80' lang='lat' dir='ltr'>fragm.</span> <span class='ocrx_word' id='word_1_254' title='bbox 706 3527 844 3578; x_wconf 78' lang='lat' dir='ltr'>Hav.</span> <span class='ocrx_word' id='word_1_255' title='bbox 887 3543 926 3576; x_wconf 73' lang='grc' dir='ltr'><em>α</em></span> <span class='ocrx_word' id='word_1_256' title='bbox 965 3528 1155 3577; x_wconf 73' lang='lat' dir='ltr'>Phocea</span> <span class='ocrx_word' id='word_1_257' title='bbox 1189 3528 1466 3578; x_wconf 82' lang='lat' dir='ltr'>Klockian.</span> <span class='ocrx_word' id='word_1_258' title='bbox 1498 3536 1555 3579; x_wconf 83' lang='lat' dir='ltr'>et</span> 
     </span>
     <span class='ocr_line' id='line_1_43' title="bbox 492 3606 1556 3673; baseline -0.001 -17"><span class='ocrx_word' id='word_1_259' title='bbox 492 3606 617 3657; x_wconf 85' lang='lat' dir='ltr'>edd.</span> <span class='ocrx_word' id='word_1_260' title='bbox 642 3606 792 3656; x_wconf 85' lang='lat' dir='ltr'>Rom.</span> <span class='ocrx_word' id='word_1_261' title='bbox 815 3608 962 3655; x_wconf 76' lang='grc'><strong>1472.</strong></span> <span class='ocrx_word' id='word_1_262' title='bbox 983 3618 1046 3653; x_wconf 88' lang='lat' dir='ltr'>ac</span> <span class='ocrx_word' id='word_1_263' title='bbox 1064 3606 1242 3656; x_wconf 70' lang='lat' dir='ltr'>Parni.</span> <span class='ocrx_word' id='word_1_264' title='bbox 1289 3622 1322 3655; x_wconf 82' lang='lat' dir='ltr'>n</span> <span class='ocrx_word' id='word_1_265' title='bbox 1346 3607 1556 3673; x_wconf 74' lang='lat' dir='ltr'>Phocoen</span> 
     </span>
     <span class='ocr_line' id='line_1_44' title="bbox 493 3681 1553 3745; baseline 0 -12"><span class='ocrx_word' id='word_1_266' title='bbox 493 3682 645 3733; x_wconf 81' lang='lat' dir='ltr'>Harl.</span> <span class='ocrx_word' id='word_1_267' title='bbox 669 3688 717 3732; x_wconf 90' lang='lat'>1.</span> <span class='ocrx_word' id='word_1_268' title='bbox 752 3681 888 3745; x_wconf 87' lang='lat' dir='ltr'>quod</span> <span class='ocrx_word' id='word_1_269' title='bbox 912 3696 967 3730; x_wconf 88' lang='lat' dir='ltr'>se</span> <span class='ocrx_word' id='word_1_270' title='bbox 988 3695 1195 3745; x_wconf 88' lang='lat' dir='ltr'>quoqne</span> <span class='ocrx_word' id='word_1_271' title='bbox 1219 3681 1270 3730; x_wconf 90' lang='lat' dir='ltr'>in</span> <span class='ocrx_word' id='word_1_272' title='bbox 1295 3682 1474 3732; x_wconf 78' lang='lat' dir='ltr'>Oxou.</span> <span class='ocrx_word' id='word_1_273' title='bbox 1492 3683 1553 3733; x_wconf 78' lang='lat'>1..</span> 
     </span>
     <span class='ocr_line' id='line_1_45' title="bbox 492 3756 1554 3810; baseline 0.001 -2"><span class='ocrx_word' id='word_1_274' title='bbox 492 3763 541 3808; x_wconf 88' lang='lat'>1.</span> <span class='ocrx_word' id='word_1_275' title='bbox 555 3762 604 3808; x_wconf 95' lang='grc'>2.</span> <span class='ocrx_word' id='word_1_276' title='bbox 623 3759 695 3810; x_wconf 79' lang='lat' dir='ltr'>N.</span> <span class='ocrx_word' id='word_1_277' title='bbox 710 3765 764 3807; x_wconf 84' lang='lat' dir='ltr'>et</span> <span class='ocrx_word' id='word_1_278' title='bbox 779 3756 841 3808; x_wconf 88' lang='lat' dir='ltr'>C.</span> <span class='ocrx_word' id='word_1_279' title='bbox 859 3756 1066 3806; x_wconf 83' lang='lat' dir='ltr'>obvium</span> <span class='ocrx_word' id='word_1_280' title='bbox 1082 3758 1325 3808; x_wconf 83' lang='lat' dir='ltr'>habuisse</span> <span class='ocrx_word' id='word_1_281' title='bbox 1342 3759 1554 3809; x_wconf 86' lang='lat' dir='ltr'>Hearne</span> 
     </span>
     <span class='ocr_line' id='line_1_46' title="bbox 490 3832 1555 3900; baseline 0.001 -16"><span class='ocrx_word' id='word_1_282' title='bbox 490 3835 788 3900; x_wconf 75' lang='lat' dir='ltr'>profitetur.</span> <span class='ocrx_word' id='word_1_283' title='bbox 823 3832 1190 3884; x_wconf 83' lang='lat' dir='ltr'>Differentiam</span> <span class='ocrx_word' id='word_1_284' title='bbox 1215 3836 1356 3886; x_wconf 84' lang='lat' dir='ltr'>inter</span> <span class='ocrx_word' id='word_1_285' title='bbox 1378 3837 1393 3865; x_wconf 91' lang='lat'>‘</span> <span class='ocrx_word' id='word_1_286' title='bbox 1416 3837 1555 3885; x_wconf 81' lang='lat' dir='ltr'>Pho·</span> 
     </span>
     <span class='ocr_line' id='line_1_47' title="bbox 491 3911 1554 3976; baseline 0.001 -16"><span class='ocrx_word' id='word_1_287' title='bbox 491 3911 602 3974; x_wconf 75' lang='lat' dir='ltr'>cis,&#39;</span> <span class='ocrx_word' id='word_1_288' title='bbox 641 3912 861 3976; x_wconf 86' lang='lat' dir='ltr'>ejusque</span> <span class='ocrx_word' id='word_1_289' title='bbox 904 3911 1345 3962; x_wconf 75' lang='lat' dir='ltr'>denominativum</span> <span class='ocrx_word' id='word_1_290' title='bbox 1378 3913 1394 3941; x_wconf 77' lang='lat'>⁴</span> <span class='ocrx_word' id='word_1_291' title='bbox 1416 3913 1554 3962; x_wconf 79' lang='lat' dir='ltr'>Pho-</span> 
     </span>
     <span class='ocr_line' id='line_1_48' title="bbox 493 3987 1554 4052; baseline -0.001 -15"><span class='ocrx_word' id='word_1_292' title='bbox 493 3987 705 4050; x_wconf 81' lang='lat' dir='ltr'>censis,’</span> <span class='ocrx_word' id='word_1_293' title='bbox 740 3995 796 4036; x_wconf 86' lang='lat' dir='ltr'>et</span> <span class='ocrx_word' id='word_1_294' title='bbox 846 3993 860 4015; x_wconf 90' lang='lat'>‘</span> <span class='ocrx_word' id='word_1_295' title='bbox 888 3987 1147 4050; x_wconf 45' lang='lat' dir='ltr'>Phocaea(</span> <span class='ocrx_word' id='word_1_296' title='bbox 1194 3995 1350 4052; x_wconf 80' lang='lat' dir='ltr'>atque</span> <span class='ocrx_word' id='word_1_297' title='bbox 1404 3988 1554 4051; x_wconf 83' lang='lat' dir='ltr'>hujus</span> 
     </span>
     <span class='ocr_line' id='line_1_49' title="bbox 493 4062 1554 4126; baseline 0.001 -15"><span class='ocrx_word' id='word_1_298' title='bbox 493 4062 932 4111; x_wconf 86' lang='lat' dir='ltr'>denominativum</span> <span class='ocrx_word' id='word_1_299' title='bbox 969 4070 983 4090; x_wconf 77' lang='lat'><em>⁶</em></span> <span class='ocrx_word' id='word_1_300' title='bbox 1005 4062 1375 4126; x_wconf 79' lang='lat' dir='ltr'>Phocaeensis‚’</span> <span class='ocrx_word' id='word_1_301' title='bbox 1406 4070 1554 4113; x_wconf 86' lang='lat' dir='ltr'>recte</span> 
     </span>
     <span class='ocr_line' id='line_1_50' title="bbox 494 4138 1556 4201; baseline 0.001 -12"><span class='ocrx_word' id='word_1_302' title='bbox 494 4140 559 4189; x_wconf 88' lang='lat' dir='ltr'>ad</span> <span class='ocrx_word' id='word_1_303' title='bbox 582 4140 721 4188; x_wconf 83' lang='lat' dir='ltr'>hunc</span> <span class='ocrx_word' id='word_1_304' title='bbox 745 4141 914 4187; x_wconf 90' lang='lat' dir='ltr'>locum</span> <span class='ocrx_word' id='word_1_305' title='bbox 937 4138 1119 4188; x_wconf 84' lang='lat' dir='ltr'>docuit</span> <span class='ocrx_word' id='word_1_306' title='bbox 1152 4140 1464 4201; x_wconf 72' lang='lat' dir='ltr'>Glareanus,</span> <span class='ocrx_word' id='word_1_307' title='bbox 1496 4148 1556 4190; x_wconf 87' lang='lat' dir='ltr'>nt</span> 
     </span>
     <span class='ocr_line' id='line_1_51' title="bbox 493 4213 1554 4265; baseline -0.002 0"><span class='ocrx_word' id='word_1_308' title='bbox 493 4226 549 4265; x_wconf 82' lang='lat' dir='ltr'>et</span> <span class='ocrx_word' id='word_1_309' title='bbox 572 4213 832 4264; x_wconf 84' lang='lat' dir='ltr'>interdum</span> <span class='ocrx_word' id='word_1_310' title='bbox 851 4229 879 4262; x_wconf 85' lang='lat' dir='ltr'>a</span> <span class='ocrx_word' id='word_1_311' title='bbox 905 4215 1102 4262; x_wconf 85' lang='lat' dir='ltr'>Latinis</span> <span class='ocrx_word' id='word_1_312' title='bbox 1125 4228 1281 4264; x_wconf 84' lang='lat' dir='ltr'>voces</span> <span class='ocrx_word' id='word_1_313' title='bbox 1300 4223 1314 4244; x_wconf 77' lang='lat'>⁸</span> <span class='ocrx_word' id='word_1_314' title='bbox 1335 4217 1525 4265; x_wconf 79' lang='lat' dir='ltr'>Phocis</span> <span class='ocrx_word' id='word_1_315' title='bbox 1541 4215 1554 4236; x_wconf 90' lang='lat'><strong>’</strong></span> 
     </span>
    </p>
   </div>
   <div class='ocr_carea' id='block_1_4' title="bbox 494 4287 1554 4342">
    <p class='ocr_par' dir='ltr' id='par_1_4' title="bbox 494 4287 1554 4342">
     <span class='ocr_line' id='line_1_52' title="bbox 494 4287 1554 4342; baseline -0.001 0"><span class='ocrx_word' id='word_1_316' title='bbox 494 4300 550 4342; x_wconf 84' lang='lat' dir='ltr'>et</span> <span class='ocrx_word' id='word_1_317' title='bbox 579 4300 593 4322; x_wconf 79' lang='lat'>⁸</span> <span class='ocrx_word' id='word_1_318' title='bbox 614 4290 867 4341; x_wconf 77' lang='lat' dir='ltr'>Phocaea’</span> <span class='ocrx_word' id='word_1_319' title='bbox 901 4287 1144 4341; x_wconf 81' lang='lat' dir='ltr'>confusas</span> <span class='ocrx_word' id='word_1_320' title='bbox 1176 4289 1351 4341; x_wconf 81' lang='lat' dir='ltr'>fnisse.</span> <span class='ocrx_word' id='word_1_321' title='bbox 1417 4291 1554 4342; x_wconf 85' lang='lat' dir='ltr'>Vide</span> 
     </span>
    </p>
   </div>
   <div class='ocr_carea' id='block_1_5' title="bbox 1182 376 2029 451">
    <p class='ocr_par' dir='ltr' id='par_1_5' title="bbox 1182 376 2029 451">
     <span class='ocr_line' id='line_1_53' title="bbox 1182 376 2029 451; baseline -0.001 -1"><span class='ocrx_word' id='word_1_322' title='bbox 1182 399 1401 450; x_wconf 65' lang='lat' dir='ltr'>nora</span> <span class='ocrx_word' id='word_1_323' title='bbox 1450 376 1856 451; x_wconf 49' lang='lat' dir='ltr'>&amp;antonum</span> <span class='ocrx_word' id='word_1_324' title='bbox 1905 402 1987 450; x_wconf 79' lang='grc' dir='ltr'>ιΝ</span> <span class='ocrx_word' id='word_1_325' title='bbox 2023 400 2029 405; x_wconf 93' lang='grc'><em>·</em></span> 
     </span>
    </p>
   </div>
   <div class='ocr_carea' id='block_1_6' title="bbox 1612 539 2716 4356">
    <p class='ocr_par' dir='ltr' id='par_1_6' title="bbox 1621 539 2690 1052">
     <span class='ocr_line' id='line_1_54' title="bbox 1621 539 2681 608; baseline 0.002 -16"><span class='ocrx_word' id='word_1_326' title='bbox 1621 540 1782 593; x_wconf 81' lang='lat' dir='ltr'>etiam</span> <span class='ocrx_word' id='word_1_327' title='bbox 1833 542 2082 593; x_wconf 79' lang='lat' dir='ltr'>Hortens.</span> <span class='ocrx_word' id='word_1_328' title='bbox 2130 546 2185 592; x_wconf 76' lang='lat' dir='ltr'>et</span> <span class='ocrx_word' id='word_1_329' title='bbox 2226 539 2572 608; x_wconf 82' lang='lat' dir='ltr'>Oudendorp.</span> <span class='ocrx_word' id='word_1_330' title='bbox 2613 544 2681 594; x_wconf 88' lang='lat' dir='ltr'>ad</span> 
     </span>
     <span class='ocr_line' id='line_1_55' title="bbox 1621 619 2684 683; baseline 0.001 -14"><span class='ocrx_word' id='word_1_331' title='bbox 1621 619 1819 669; x_wconf 84' lang='lat' dir='ltr'>Lucani</span> <span class='ocrx_word' id='word_1_332' title='bbox 1851 633 1939 670; x_wconf 86' lang='lat'>111.</span> <span class='ocrx_word' id='word_1_333' title='bbox 1971 623 2086 670; x_wconf 72' lang='lat'>840.</span> <span class='ocrx_word' id='word_1_334' title='bbox 2151 619 2378 683; x_wconf 70' lang='lat' dir='ltr'>Insuper</span> <span class='ocrx_word' id='word_1_335' title='bbox 2409 619 2684 671; x_wconf 66' lang='lat' dir='ltr'>smero·</span> 
     </span>
     <span class='ocr_line' id='line_1_56' title="bbox 1623 696 2680 757; baseline 0.001 -12"><span class='ocrx_word' id='word_1_336' title='bbox 1623 696 1920 745; x_wconf 60' lang='lat' dir='ltr'>noviuuvad</span> <span class='ocrx_word' id='word_1_337' title='bbox 1959 696 2116 747; x_wconf 85' lang='lat' dir='ltr'>Gellii</span> <span class='ocrx_word' id='word_1_338' title='bbox 2138 710 2195 746; x_wconf 85' lang='lat' dir='ltr'>x.</span> <span class='ocrx_word' id='word_1_339' title='bbox 2220 701 2299 757; x_wconf 70' lang='lat'>16.</span> <span class='ocrx_word' id='word_1_340' title='bbox 2340 705 2396 747; x_wconf 82' lang='lat' dir='ltr'>et</span> <span class='ocrx_word' id='word_1_341' title='bbox 2432 698 2680 747; x_wconf 84' lang='lat' dir='ltr'>Holsten.</span> 
     </span>
     <span class='ocr_line' id='line_1_57' title="bbox 1624 771 2681 836; baseline 0.002 -16"><span class='ocrx_word' id='word_1_342' title='bbox 1624 771 1688 820; x_wconf 87' lang='lat' dir='ltr'>ad</span> <span class='ocrx_word' id='word_1_343' title='bbox 1712 772 1964 836; x_wconf 78' lang='lat' dir='ltr'>Stephon.</span> <span class='ocrx_word' id='word_1_344' title='bbox 2003 773 2127 836; x_wconf 79' lang='lat' dir='ltr'><strong>Byz.</strong></span> <span class='ocrx_word' id='word_1_345' title='bbox 2161 773 2227 822; x_wconf 92' lang='lat' dir='ltr'>de</span> <span class='ocrx_word' id='word_1_346' title='bbox 2253 772 2438 823; x_wconf 84' lang='lat' dir='ltr'>Urbib.</span> <span class='ocrx_word' id='word_1_347' title='bbox 2471 773 2525 822; x_wconf 89' lang='lat' dir='ltr'>in</span> <span class='ocrx_word' id='word_1_348' title='bbox 2567 786 2681 822; x_wconf 75' lang='lat' dir='ltr'>voc.</span> 
     </span>
     <span class='ocr_line' id='line_1_58' title="bbox 1623 845 2677 912; baseline 0.001 -16"><span class='ocrx_word' id='word_1_349' title='bbox 1623 845 1813 896; x_wconf 64' lang='grc' dir='ltr'>Φώκαια</span> <span class='ocrx_word' id='word_1_350' title='bbox 1849 857 1906 896; x_wconf 83' lang='lat' dir='ltr'>et</span> <span class='ocrx_word' id='word_1_351' title='bbox 1941 845 2105 897; x_wconf 64' lang='lat' dir='ltr'>suxis.</span> <span class='ocrx_word' id='word_1_352' title='bbox 2192 848 2440 912; x_wconf 83' lang='lat' dir='ltr'>Denique</span> <span class='ocrx_word' id='word_1_353' title='bbox 2481 849 2677 911; x_wconf 69' lang='lat' dir='ltr'>Sealig.</span> 
     </span>
     <span class='ocr_line' id='line_1_59' title="bbox 1623 924 2690 989; baseline 0.001 -16"><span class='ocrx_word' id='word_1_354' title='bbox 1623 924 1690 973; x_wconf 87' lang='lat' dir='ltr'>ad</span> <span class='ocrx_word' id='word_1_355' title='bbox 1729 924 2036 989; x_wconf 79' lang='lat' dir='ltr'>Hieronym.</span> <span class='ocrx_word' id='word_1_356' title='bbox 2071 925 2268 976; x_wconf 76' lang='lat' dir='ltr'>Clu-on.</span> <span class='ocrx_word' id='word_1_357' title='bbox 2304 925 2500 976; x_wconf 83' lang='lat' dir='ltr'>Euseb.</span> <span class='ocrx_word' id='word_1_358' title='bbox 2545 939 2690 974; x_wconf 70' lang='lat' dir='ltr'>num.</span> 
     </span>
     <span class='ocr_line' id='line_1_60' title="bbox 1622 1013 1952 1052; baseline -0.006 0"><span class='ocrx_word' id='word_1_359' title='bbox 1622 1013 1952 1052; x_wconf 69' lang='lat' dir='ltr'>uccccxvu.</span> 
     </span>
    </p>

    <p class='ocr_par' dir='ltr' id='par_1_7' title="bbox 1612 1078 2716 2356">
     <span class='ocr_line' id='line_1_61' title="bbox 1690 1078 2684 1141; baseline -0.002 -11"><span class='ocrx_word' id='word_1_360' title='bbox 1690 1081 1923 1130; x_wconf 65' lang='lat' dir='ltr'>Fortuna</span> <span class='ocrx_word' id='word_1_361' title='bbox 1940 1095 2039 1130; x_wconf 72' lang='grc' dir='ltr'>σω</span> <span class='ocrx_word' id='word_1_362' title='bbox 2068 1094 2199 1129; x_wconf 72' lang='lat' dir='ltr'>ossen</span> <span class='ocrx_word' id='word_1_363' title='bbox 2221 1079 2321 1129; x_wconf 76' lang='lat' dir='ltr'>rati</span> <span class='ocrx_word' id='word_1_364' title='bbox 2339 1078 2579 1140; x_wconf 59' lang='lat' dir='ltr'>«offecere,</span> <span class='ocrx_word' id='word_1_365' title='bbox 2609 1085 2684 1141; x_wconf 70' lang='lat' dir='ltr'>st,</span> 
     </span>
     <span class='ocr_line' id='line_1_62' title="bbox 1624 1156 2687 1222; baseline -0.004 -14"><span class='ocrx_word' id='word_1_366' title='bbox 1624 1173 1759 1222; x_wconf 72' lang='lat' dir='ltr'>quem</span> <span class='ocrx_word' id='word_1_367' title='bbox 1779 1158 1985 1221; x_wconf 65' lang='lat' dir='ltr'>primu-s</span> <span class='ocrx_word' id='word_1_368' title='bbox 2014 1157 2067 1206; x_wconf 76' lang='lat' dir='ltr'>in</span> <span class='ocrx_word' id='word_1_369' title='bbox 2089 1162 2268 1206; x_wconf 71' lang='lat' dir='ltr'>tman-</span> <span class='ocrx_word' id='word_1_370' title='bbox 2289 1156 2471 1218; x_wconf 74' lang='lat' dir='ltr'>egressi</span> <span class='ocrx_word' id='word_1_371' title='bbox 2489 1170 2687 1219; x_wconf 73' lang='lat' dir='ltr'>occupo·</span> 
     </span>
     <span class='ocr_line' id='line_1_63' title="bbox 1622 1232 2684 1297; baseline -0.003 -13"><span class='ocrx_word' id='word_1_372' title='bbox 1622 1237 1791 1284; x_wconf 61' lang='lat' dir='ltr'>vernn</span> <span class='ocrx_word' id='word_1_373' title='bbox 1809 1234 1982 1297; x_wconf 69' lang='lat' dir='ltr'>boum]</span> <span class='ocrx_word' id='word_1_374' title='bbox 2021 1233 2252 1282; x_wconf 69' lang='lat' dir='ltr'>Fortuna»</span> <span class='ocrx_word' id='word_1_375' title='bbox 2286 1247 2386 1280; x_wconf 63' lang='grc' dir='ltr'>ενα</span> <span class='ocrx_word' id='word_1_376' title='bbox 2420 1245 2556 1281; x_wconf 80' lang='lat' dir='ltr'>omne</span> <span class='ocrx_word' id='word_1_377' title='bbox 2583 1232 2684 1282; x_wconf 62' lang='grc' dir='ltr'>ταῦ</span> 
     </span>
     <span class='ocr_line' id='line_1_64' title="bbox 1626 1306 2682 1369; baseline -0.001 -9"><span class='ocrx_word' id='word_1_378' title='bbox 1626 1311 1754 1360; x_wconf 71' lang='lat' dir='ltr'>Lov-</span> <span class='ocrx_word' id='word_1_379' title='bbox 1774 1315 1824 1361; x_wconf 71' lang='grc'>3.</span> <span class='ocrx_word' id='word_1_380' title='bbox 1858 1308 2076 1369; x_wconf 68' lang='lat' dir='ltr'>fortune.</span> <span class='ocrx_word' id='word_1_381' title='bbox 2096 1324 2198 1358; x_wconf 75' lang='lat' dir='ltr'>sua</span> <span class='ocrx_word' id='word_1_382' title='bbox 2223 1318 2321 1358; x_wconf 78' lang='lat' dir='ltr'>esse</span> <span class='ocrx_word' id='word_1_383' title='bbox 2343 1306 2444 1355; x_wconf 73' lang='lat' dir='ltr'>rati</span> <span class='ocrx_word' id='word_1_384' title='bbox 2467 1307 2599 1355; x_wconf 86' lang='lat' dir='ltr'>Lov.</span> <span class='ocrx_word' id='word_1_385' title='bbox 2630 1312 2682 1358; x_wconf 90' lang='grc'>4.</span> 
     </span>
     <span class='ocr_line' id='line_1_65' title="bbox 1612 1384 2683 1447; baseline -0.004 -12"><span class='ocrx_word' id='word_1_386' title='bbox 1612 1385 1834 1447; x_wconf 70' lang='lat' dir='ltr'>fortuna</span> <span class='ocrx_word' id='word_1_387' title='bbox 1847 1400 2095 1437; x_wconf 68' lang='lat' dir='ltr'>suaeonsen</span> <span class='ocrx_word' id='word_1_388' title='bbox 2115 1398 2215 1434; x_wconf 82' lang='lat' dir='ltr'>esse</span> <span class='ocrx_word' id='word_1_389' title='bbox 2235 1384 2336 1432; x_wconf 74' lang='lat' dir='ltr'>rati</span> <span class='ocrx_word' id='word_1_390' title='bbox 2355 1384 2485 1433; x_wconf 81' lang='lat' dir='ltr'>Lov.</span> <span class='ocrx_word' id='word_1_391' title='bbox 2500 1388 2554 1433; x_wconf 83' lang='lat'>5.</span> <span class='ocrx_word' id='word_1_392' title='bbox 2573 1384 2683 1443; x_wconf 82' lang='lat' dir='ltr'>sor-</span> 
     </span>
     <span class='ocr_line' id='line_1_66' title="bbox 1624 1459 2686 1512; baseline -0.006 0"><span class='ocrx_word' id='word_1_393' title='bbox 1624 1467 1752 1512; x_wconf 73' lang='lat' dir='ltr'>tsnrae</span> <span class='ocrx_word' id='word_1_394' title='bbox 1771 1477 1871 1511; x_wconf 70' lang='lat' dir='ltr'>snoe</span> <span class='ocrx_word' id='word_1_395' title='bbox 1894 1477 1994 1511; x_wconf 84' lang='lat' dir='ltr'>esse</span> <span class='ocrx_word' id='word_1_396' title='bbox 2009 1476 2144 1511; x_wconf 73' lang='lat' dir='ltr'>omen</span> <span class='ocrx_word' id='word_1_397' title='bbox 2163 1461 2264 1510; x_wconf 80' lang='lat' dir='ltr'>rati</span> <span class='ocrx_word' id='word_1_398' title='bbox 2286 1460 2438 1509; x_wconf 88' lang='lat' dir='ltr'>Harl.</span> <span class='ocrx_word' id='word_1_399' title='bbox 2460 1465 2512 1509; x_wconf 93' lang='grc'>2.</span> <span class='ocrx_word' id='word_1_400' title='bbox 2535 1459 2686 1508; x_wconf 85' lang='lat' dir='ltr'>Port.</span> 
     </span>
     <span class='ocr_line' id='line_1_67' title="bbox 1625 1535 2682 1593; baseline -0.005 -3"><span class='ocrx_word' id='word_1_401' title='bbox 1625 1539 1847 1590; x_wconf 81' lang='lat' dir='ltr'>Gaertn.</span> <span class='ocrx_word' id='word_1_402' title='bbox 1869 1548 1924 1589; x_wconf 80' lang='lat' dir='ltr'>et</span> <span class='ocrx_word' id='word_1_403' title='bbox 1950 1538 2085 1588; x_wconf 84' lang='lat' dir='ltr'>Hav.</span> <span class='ocrx_word' id='word_1_404' title='bbox 2129 1538 2232 1587; x_wconf 84' lang='lat' dir='ltr'>Sed</span> <span class='ocrx_word' id='word_1_405' title='bbox 2252 1538 2504 1586; x_wconf 79' lang='lat' dir='ltr'>certiores</span> <span class='ocrx_word' id='word_1_406' title='bbox 2529 1535 2682 1593; x_wconf 81' lang='lat' dir='ltr'>codd.</span> 
     </span>
     <span class='ocr_line' id='line_1_68' title="bbox 1624 1611 2686 1679; baseline -0.007 -13"><span class='ocrx_word' id='word_1_407' title='bbox 1624 1630 1804 1666; x_wconf 83' lang='lat' dir='ltr'>vocem</span> <span class='ocrx_word' id='word_1_408' title='bbox 1839 1631 1941 1666; x_wconf 79' lang='lat' dir='ltr'>esse</span> <span class='ocrx_word' id='word_1_409' title='bbox 1974 1616 2409 1679; x_wconf 77' lang='lat' dir='ltr'>non‘agnoseunt.</span> <span class='ocrx_word' id='word_1_410' title='bbox 2478 1611 2686 1662; x_wconf 86' lang='lat' dir='ltr'>Deinde</span> 
     </span>
     <span class='ocr_line' id='line_1_69' title="bbox 1621 1688 2687 1757; baseline -0.008 -14"><span class='ocrx_word' id='word_1_411' title='bbox 1621 1708 1760 1756; x_wconf 72' lang='lat' dir='ltr'>qaam</span> <span class='ocrx_word' id='word_1_412' title='bbox 1776 1694 1984 1757; x_wconf 68' lang='lat' dir='ltr'>primum</span> <span class='ocrx_word' id='word_1_413' title='bbox 2002 1691 2054 1740; x_wconf 81' lang='lat' dir='ltr'>in</span> <span class='ocrx_word' id='word_1_414' title='bbox 2076 1697 2253 1740; x_wconf 63' lang='lat' dir='ltr'>unum</span> <span class='ocrx_word' id='word_1_415' title='bbox 2270 1690 2451 1750; x_wconf 74' lang='lat' dir='ltr'>egressi</span> <span class='ocrx_word' id='word_1_416' title='bbox 2470 1688 2620 1738; x_wconf 86' lang='lat' dir='ltr'>Leid.</span> <span class='ocrx_word' id='word_1_417' title='bbox 2638 1693 2687 1737; x_wconf 88' lang='grc'>2.</span> 
     </span>
     <span class='ocr_line' id='line_1_70' title="bbox 1624 1766 2687 1831; baseline -0.006 -13"><span class='ocrx_word' id='word_1_418' title='bbox 1624 1769 1754 1818; x_wconf 74' lang='lat' dir='ltr'>Lov-</span> <span class='ocrx_word' id='word_1_419' title='bbox 1792 1773 1838 1819; x_wconf 89' lang='lat'>1.</span> <span class='ocrx_word' id='word_1_420' title='bbox 1884 1784 1913 1816; x_wconf 85' lang='lat' dir='ltr'>a</span> <span class='ocrx_word' id='word_1_421' title='bbox 1947 1783 2016 1817; x_wconf 71' lang='lat' dir='ltr'>rn-</span> <span class='ocrx_word' id='word_1_422' title='bbox 2050 1781 2131 1831; x_wconf 82' lang='lat' dir='ltr'>pr.</span> <span class='ocrx_word' id='word_1_423' title='bbox 2172 1776 2229 1816; x_wconf 88' lang='lat' dir='ltr'>et</span> <span class='ocrx_word' id='word_1_424' title='bbox 2272 1766 2411 1815; x_wconf 81' lang='lat' dir='ltr'>Hav.</span> <span class='ocrx_word' id='word_1_425' title='bbox 2472 1766 2528 1814; x_wconf 77' lang='lat' dir='ltr'>iss</span> <span class='ocrx_word' id='word_1_426' title='bbox 2556 1770 2687 1814; x_wconf 74' lang='lat' dir='ltr'>terra</span> 
     </span>
     <span class='ocr_line' id='line_1_71' title="bbox 1623 1842 2685 1906; baseline -0.005 -12"><span class='ocrx_word' id='word_1_427' title='bbox 1623 1845 1806 1906; x_wconf 72' lang='lat' dir='ltr'>egressi</span> <span class='ocrx_word' id='word_1_428' title='bbox 1844 1844 2068 1895; x_wconf 74' lang='lat' dir='ltr'>Gaertn.</span> <span class='ocrx_word' id='word_1_429' title='bbox 2149 1842 2392 1906; x_wconf 88' lang='lat' dir='ltr'>Denique</span> <span class='ocrx_word' id='word_1_430' title='bbox 2425 1854 2685 1903; x_wconf 70' lang='lat' dir='ltr'>occupave-</span> 
     </span>
     <span class='ocr_line' id='line_1_72' title="bbox 1624 1917 2686 1980; baseline -0.005 -9"><span class='ocrx_word' id='word_1_431' title='bbox 1624 1927 1739 1971; x_wconf 77' lang='lat' dir='ltr'>rsnst</span> <span class='ocrx_word' id='word_1_432' title='bbox 1780 1920 1925 1970; x_wconf 84' lang='lat' dir='ltr'>Harl.</span> <span class='ocrx_word' id='word_1_433' title='bbox 1960 1924 2010 1970; x_wconf 87' lang='grc'><strong>2.</strong></span> <span class='ocrx_word' id='word_1_434' title='bbox 2053 1927 2110 1969; x_wconf 89' lang='lat' dir='ltr'>et</span> <span class='ocrx_word' id='word_1_435' title='bbox 2148 1919 2289 1968; x_wconf 61' lang='lat' dir='ltr'>Ham</span> <span class='ocrx_word' id='word_1_436' title='bbox 2356 1917 2686 1980; x_wconf 70' lang='lat' dir='ltr'>occupaverint</span> 
     </span>
     <span class='ocr_line' id='line_1_73' title="bbox 1627 1996 2686 2057; baseline -0.006 -9"><span class='ocrx_word' id='word_1_437' title='bbox 1627 1999 1755 2048; x_wconf 80' lang='lat' dir='ltr'>Lov.</span> <span class='ocrx_word' id='word_1_438' title='bbox 1777 2003 1828 2049; x_wconf 83' lang='grc'>2.·</span> <span class='ocrx_word' id='word_1_439' title='bbox 1859 2002 1909 2048; x_wconf 90' lang='grc'>4.</span> <span class='ocrx_word' id='word_1_440' title='bbox 1941 2004 1994 2047; x_wconf 80' lang='grc'>5.</span> <span class='ocrx_word' id='word_1_441' title='bbox 2031 2005 2090 2048; x_wconf 91' lang='lat' dir='ltr'>et</span> <span class='ocrx_word' id='word_1_442' title='bbox 2128 1996 2351 2046; x_wconf 80' lang='lat' dir='ltr'>Gaertn.</span> <span class='ocrx_word' id='word_1_443' title='bbox 2404 1998 2686 2057; x_wconf 69' lang='lat' dir='ltr'>occuparent</span> 
     </span>
     <span class='ocr_line' id='line_1_74' title="bbox 1625 2072 2716 2137; baseline -0.004 -13"><span class='ocrx_word' id='word_1_444' title='bbox 1625 2081 1681 2125; x_wconf 75' lang='lat' dir='ltr'>nt</span> <span class='ocrx_word' id='word_1_445' title='bbox 1702 2077 1853 2125; x_wconf 72' lang='lat' dir='ltr'>Iocum</span> <span class='ocrx_word' id='word_1_446' title='bbox 1874 2076 2028 2137; x_wconf 81' lang='lat' dir='ltr'>Port.</span> <span class='ocrx_word' id='word_1_447' title='bbox 2054 2072 2146 2123; x_wconf 86' lang='lat' dir='ltr'>sed</span> <span class='ocrx_word' id='word_1_448' title='bbox 2166 2073 2238 2133; x_wconf 65' lang='grc' dir='ltr'>τᾷ</span> <span class='ocrx_word' id='word_1_449' title='bbox 2269 2079 2326 2122; x_wconf 70' lang='grc' dir='ltr'>αι</span> <span class='ocrx_word' id='word_1_450' title='bbox 2361 2072 2560 2121; x_wconf 75' lang='lat' dir='ltr'>additis</span> <span class='ocrx_word' id='word_1_451' title='bbox 2596 2085 2686 2120; x_wconf 85' lang='lat' dir='ltr'>no·</span> <span class='ocrx_word' id='word_1_452' title='bbox 2711 2112 2716 2127; x_wconf 84' lang='lat'>‚</span> 
     </span>
     <span class='ocr_line' id='line_1_75' title="bbox 1627 2152 2685 2217; baseline -0.004 -15"><span class='ocrx_word' id='word_1_453' title='bbox 1627 2152 1713 2207; x_wconf 85' lang='lat' dir='ltr'>tis,</span> <span class='ocrx_word' id='word_1_454' title='bbox 1734 2152 1920 2217; x_wconf 81' lang='lat' dir='ltr'>quibus</span> <span class='ocrx_word' id='word_1_455' title='bbox 1957 2152 2155 2200; x_wconf 84' lang='lat' dir='ltr'>librarii</span> <span class='ocrx_word' id='word_1_456' title='bbox 2191 2164 2371 2199; x_wconf 80' lang='lat' dir='ltr'>vocem</span> <span class='ocrx_word' id='word_1_457' title='bbox 2407 2162 2685 2213; x_wconf 77' lang='lat' dir='ltr'>perperam</span> 
     </span>
     <span class='ocr_line' id='line_1_76' title="bbox 1626 2225 2687 2293; baseline -0.005 -14"><span class='ocrx_word' id='word_1_458' title='bbox 1626 2229 1896 2291; x_wconf 80' lang='lat' dir='ltr'>scriptam,</span> <span class='ocrx_word' id='word_1_459' title='bbox 1939 2228 2163 2293; x_wconf 87' lang='lat' dir='ltr'>ideoque</span> <span class='ocrx_word' id='word_1_460' title='bbox 2196 2225 2539 2277; x_wconf 82' lang='lat' dir='ltr'>inducendam</span> <span class='ocrx_word' id='word_1_461' title='bbox 2572 2239 2687 2275; x_wconf 84' lang='lat' dir='ltr'>esse</span> 
     </span>
     <span class='ocr_line' id='line_1_77' title="bbox 1626 2305 2674 2356; baseline -0.004 -1"><span class='ocrx_word' id='word_1_462' title='bbox 1626 2305 1859 2356; x_wconf 85' lang='lat' dir='ltr'>indicare</span> <span class='ocrx_word' id='word_1_463' title='bbox 1880 2306 2069 2356; x_wconf 76' lang='lat' dir='ltr'>solent.</span> <span class='ocrx_word' id='word_1_464' title='bbox 2669 2320 2674 2323; x_wconf 96' lang='lat'>·</span> 
     </span>
    </p>

    <p class='ocr_par' dir='ltr' id='par_1_8' title="bbox 1620 2376 2694 4356">
     <span class='ocr_line' id='line_1_78' title="bbox 1688 2376 2684 2444; baseline -0.005 -13"><span class='ocrx_word' id='word_1_465' title='bbox 1688 2381 1867 2431; x_wconf 70' lang='lat' dir='ltr'>Locum</span> <span class='ocrx_word' id='word_1_466' title='bbox 1886 2380 2157 2444; x_wconf 69' lang='lat' dir='ltr'>patentibus</span> <span class='ocrx_word' id='word_1_467' title='bbox 2169 2379 2301 2429; x_wconf 77' lang='lat' dir='ltr'>silvis</span> <span class='ocrx_word' id='word_1_468' title='bbox 2317 2376 2684 2440; x_wconf 70' lang='lat' dir='ltr'>emmunim-t]</span> 
     </span>
     <span class='ocr_line' id='line_1_79' title="bbox 1628 2454 2685 2523; baseline -0.006 -14"><span class='ocrx_word' id='word_1_469' title='bbox 1628 2459 1773 2523; x_wconf 68' lang='lat' dir='ltr'>Lege</span> <span class='ocrx_word' id='word_1_470' title='bbox 1814 2457 2105 2522; x_wconf 72' lang='lat' dir='ltr'>patientibus</span> <span class='ocrx_word' id='word_1_471' title='bbox 2142 2456 2320 2513; x_wconf 78' lang='lat' dir='ltr'>Salvis,</span> <span class='ocrx_word' id='word_1_472' title='bbox 2371 2462 2461 2508; x_wconf 81' lang='lat' dir='ltr'>ant</span> <span class='ocrx_word' id='word_1_473' title='bbox 2507 2454 2685 2520; x_wconf 50' lang='lat' dir='ltr'>Sekia,</span> 
     </span>
     <span class='ocr_line' id='line_1_80' title="bbox 1625 2532 2685 2598; baseline -0.004 -13"><span class='ocrx_word' id='word_1_474' title='bbox 1625 2536 1760 2585; x_wconf 82' lang='lat' dir='ltr'>haud</span> <span class='ocrx_word' id='word_1_475' title='bbox 1814 2536 1972 2586; x_wconf 85' lang='lat' dir='ltr'>dubia</span> <span class='ocrx_word' id='word_1_476' title='bbox 2028 2535 2355 2598; x_wconf 79' lang='lat' dir='ltr'>conjectura.</span> <span class='ocrx_word' id='word_1_477' title='bbox 2434 2532 2685 2597; x_wconf 84' lang='lat' dir='ltr'>Alioquin</span> 
     </span>
     <span class='ocr_line' id='line_1_81' title="bbox 1627 2611 2685 2662; baseline -0.005 0"><span class='ocrx_word' id='word_1_478' title='bbox 1627 2612 1900 2662; x_wconf 83' lang='lat' dir='ltr'>verborum</span> <span class='ocrx_word' id='word_1_479' title='bbox 1936 2611 2069 2661; x_wconf 80' lang='lat' dir='ltr'>Livii</span> <span class='ocrx_word' id='word_1_480' title='bbox 2102 2612 2275 2661; x_wconf 88' lang='lat' dir='ltr'>nullus</span> <span class='ocrx_word' id='word_1_481' title='bbox 2309 2618 2450 2659; x_wconf 81' lang='lat' dir='ltr'>esset</span> <span class='ocrx_word' id='word_1_482' title='bbox 2487 2623 2685 2658; x_wconf 84' lang='lat' dir='ltr'>sensus.</span> 
     </span>
     <span class='ocr_line' id='line_1_82' title="bbox 1625 2686 2683 2752; baseline -0.004 -14"><span class='ocrx_word' id='word_1_483' title='bbox 1625 2689 1765 2741; x_wconf 76' lang='lat' dir='ltr'>Qnid</span> <span class='ocrx_word' id='word_1_484' title='bbox 1781 2690 1917 2738; x_wconf 85' lang='lat' dir='ltr'>enim</span> <span class='ocrx_word' id='word_1_485' title='bbox 1939 2696 2021 2738; x_wconf 77' lang='lat' dir='ltr'>est</span> <span class='ocrx_word' id='word_1_486' title='bbox 2041 2689 2247 2737; x_wconf 85' lang='lat' dir='ltr'>‘locum</span> <span class='ocrx_word' id='word_1_487' title='bbox 2271 2686 2576 2752; x_wconf 80' lang='lat' dir='ltr'>patentibus</span> <span class='ocrx_word' id='word_1_488' title='bbox 2600 2686 2683 2734; x_wconf 86' lang='lat' dir='ltr'>sil·</span> 
     </span>
     <span class='ocr_line' id='line_1_83' title="bbox 1620 2763 2683 2816; baseline -0.004 0"><span class='ocrx_word' id='word_1_489' title='bbox 1620 2767 1700 2816; x_wconf 81' lang='lat' dir='ltr'>vis</span> <span class='ocrx_word' id='word_1_490' title='bbox 1732 2766 2052 2816; x_wconf 86' lang='lat' dir='ltr'>communire</span> <span class='ocrx_word' id='word_1_491' title='bbox 2069 2763 2107 2814; x_wconf 83' lang='lat'>?’</span> <span class='ocrx_word' id='word_1_492' title='bbox 2172 2764 2325 2815; x_wconf 81' lang='lat' dir='ltr'>Inter</span> <span class='ocrx_word' id='word_1_493' title='bbox 2361 2764 2683 2815; x_wconf 70' lang='lat' dir='ltr'>Tricastinos</span> 
     </span>
     <span class='ocr_line' id='line_1_84' title="bbox 1627 2841 2684 2905; baseline -0.005 -13"><span class='ocrx_word' id='word_1_494' title='bbox 1627 2849 1803 2893; x_wconf 80' lang='lat' dir='ltr'>antem</span> <span class='ocrx_word' id='word_1_495' title='bbox 1840 2849 1897 2891; x_wconf 83' lang='lat' dir='ltr'>et</span> <span class='ocrx_word' id='word_1_496' title='bbox 1927 2842 2112 2905; x_wconf 84' lang='lat' dir='ltr'>Salyos</span> <span class='ocrx_word' id='word_1_497' title='bbox 2133 2841 2361 2892; x_wconf 80' lang='lat' dir='ltr'>Cavares</span> <span class='ocrx_word' id='word_1_498' title='bbox 2394 2842 2490 2890; x_wconf 90' lang='lat' dir='ltr'>soli</span> <span class='ocrx_word' id='word_1_499' title='bbox 2521 2841 2684 2890; x_wconf 91' lang='lat' dir='ltr'>inter-</span> 
     </span>
     <span class='ocr_line' id='line_1_85' title="bbox 1624 2915 2687 2982; baseline -0.002 -14"><span class='ocrx_word' id='word_1_500' title='bbox 1624 2918 1852 2979; x_wconf 70' lang='lat' dir='ltr'>cedun13</span> <span class='ocrx_word' id='word_1_501' title='bbox 1884 2932 1978 2982; x_wconf 85' lang='lat' dir='ltr'>per</span> <span class='ocrx_word' id='word_1_502' title='bbox 2006 2933 2133 2982; x_wconf 79' lang='lat' dir='ltr'>qnos</span> <span class='ocrx_word' id='word_1_503' title='bbox 2159 2918 2352 2967; x_wconf 77' lang='lat' dir='ltr'>itinere</span> <span class='ocrx_word' id='word_1_504' title='bbox 2374 2916 2537 2979; x_wconf 82' lang='lat' dir='ltr'>facto,</span> <span class='ocrx_word' id='word_1_505' title='bbox 2558 2915 2687 2966; x_wconf 87' lang='lat' dir='ltr'>Gal·</span> 
     </span>
     <span class='ocr_line' id='line_1_86' title="bbox 1627 2994 2689 3060; baseline -0.002 -16"><span class='ocrx_word' id='word_1_506' title='bbox 1627 2995 1739 3045; x_wconf 85' lang='lat' dir='ltr'>liin</span> <span class='ocrx_word' id='word_1_507' title='bbox 1762 2994 1892 3045; x_wconf 81' lang='lat' dir='ltr'>fines</span> <span class='ocrx_word' id='word_1_508' title='bbox 1909 2996 2185 3059; x_wconf 75' lang='lat' dir='ltr'>Salyorurn</span> <span class='ocrx_word' id='word_1_509' title='bbox 2220 3001 2597 3060; x_wconf 77' lang='lat' dir='ltr'>pervenerunt,</span> <span class='ocrx_word' id='word_1_510' title='bbox 2634 2998 2689 3042; x_wconf 86' lang='lat' dir='ltr'>et</span> 
     </span>
     <span class='ocr_line' id='line_1_87' title="bbox 1627 3069 2688 3120; baseline -0.001 -1"><span class='ocrx_word' id='word_1_511' title='bbox 1627 3070 1927 3120; x_wconf 82' lang='lat' dir='ltr'>Phocenses</span> <span class='ocrx_word' id='word_1_512' title='bbox 1949 3071 2004 3119; x_wconf 90' lang='lat' dir='ltr'>in</span> <span class='ocrx_word' id='word_1_513' title='bbox 2028 3069 2306 3120; x_wconf 87' lang='lat' dir='ltr'>condenda</span> <span class='ocrx_word' id='word_1_514' title='bbox 2342 3070 2414 3120; x_wconf 87' lang='lat' dir='ltr'>ibi</span> <span class='ocrx_word' id='word_1_515' title='bbox 2449 3070 2688 3119; x_wconf 86' lang='lat' dir='ltr'>Massilia</span> 
     </span>
     <span class='ocr_line' id='line_1_88' title="bbox 1630 3145 2686 3209; baseline -0.005 -13"><span class='ocrx_word' id='word_1_516' title='bbox 1630 3147 1708 3196; x_wconf 78' lang='lat' dir='ltr'>vel</span> <span class='ocrx_word' id='word_1_517' title='bbox 1735 3154 1882 3195; x_wconf 87' lang='lat' dir='ltr'>certe</span> <span class='ocrx_word' id='word_1_518' title='bbox 1917 3145 2209 3196; x_wconf 82' lang='lat' dir='ltr'>inchoanda</span> <span class='ocrx_word' id='word_1_519' title='bbox 2246 3145 2599 3209; x_wconf 82' lang='lat' dir='ltr'>adjuverunt;</span> <span class='ocrx_word' id='word_1_520' title='bbox 2636 3145 2686 3192; x_wconf 91' lang='lat' dir='ltr'>in</span> 
     </span>
     <span class='ocr_line' id='line_1_89' title="bbox 1624 3219 2689 3286; baseline -0.002 -15"><span class='ocrx_word' id='word_1_521' title='bbox 1624 3221 1921 3286; x_wconf 87' lang='lat' dir='ltr'>munienda,</span> <span class='ocrx_word' id='word_1_522' title='bbox 1937 3222 2021 3285; x_wconf 89' lang='lat' dir='ltr'>inq</span> <span class='ocrx_word' id='word_1_523' title='bbox 2031 3237 2165 3285; x_wconf 87' lang='lat' dir='ltr'>nam,</span> <span class='ocrx_word' id='word_1_524' title='bbox 2187 3221 2441 3283; x_wconf 82' lang='lat' dir='ltr'>Massilia,</span> <span class='ocrx_word' id='word_1_525' title='bbox 2458 3222 2472 3248; x_wconf 91' lang='lat'>‘</span> <span class='ocrx_word' id='word_1_526' title='bbox 2490 3219 2689 3270; x_wconf 83' lang='lat' dir='ltr'>invitis’</span> 
     </span>
     <span class='ocr_line' id='line_1_90' title="bbox 1626 3295 2685 3364; baseline -0.001 -18"><span class='ocrx_word' id='word_1_527' title='bbox 1626 3298 1835 3362; x_wconf 82' lang='lat' dir='ltr'>quidem</span> <span class='ocrx_word' id='word_1_528' title='bbox 1880 3298 1896 3325; x_wconf 93' lang='lat'>‘</span> <span class='ocrx_word' id='word_1_529' title='bbox 1915 3297 2123 3363; x_wconf 72' lang='lat' dir='ltr'>Salyis,&#39;</span> <span class='ocrx_word' id='word_1_530' title='bbox 2152 3299 2244 3348; x_wconf 88' lang='lat' dir='ltr'>sed</span> <span class='ocrx_word' id='word_1_531' title='bbox 2284 3300 2300 3327; x_wconf 89' lang='lat'>‘</span> <span class='ocrx_word' id='word_1_532' title='bbox 2325 3295 2685 3364; x_wconf 63' lang='lat' dir='ltr'>patientibus:</span> 
     </span>
     <span class='ocr_line' id='line_1_91' title="bbox 1626 3375 2691 3441; baseline -0.002 -16"><span class='ocrx_word' id='word_1_533' title='bbox 1626 3376 1871 3441; x_wconf 85' lang='lat' dir='ltr'>quoniam</span> <span class='ocrx_word' id='word_1_534' title='bbox 1928 3376 2155 3427; x_wconf 80' lang='lat' dir='ltr'>advenas</span> <span class='ocrx_word' id='word_1_535' title='bbox 2200 3376 2419 3426; x_wconf 59' lang='lat' dir='ltr'>Grecos</span> <span class='ocrx_word' id='word_1_536' title='bbox 2463 3375 2691 3425; x_wconf 81' lang='lat' dir='ltr'>Gallicis-</span> 
     </span>
     <span class='ocr_line' id='line_1_92' title="bbox 1626 3451 2687 3516; baseline -0.001 -14"><span class='ocrx_word' id='word_1_537' title='bbox 1626 3453 1835 3502; x_wconf 80' lang='lat' dir='ltr'>anxlliis</span> <span class='ocrx_word' id='word_1_538' title='bbox 1860 3451 2065 3516; x_wconf 87' lang='lat' dir='ltr'>adjutos</span> <span class='ocrx_word' id='word_1_539' title='bbox 2098 3452 2376 3516; x_wconf 80' lang='lat' dir='ltr'>prohibere</span> <span class='ocrx_word' id='word_1_540' title='bbox 2405 3464 2511 3499; x_wconf 90' lang='lat' dir='ltr'>non</span> <span class='ocrx_word' id='word_1_541' title='bbox 2539 3461 2687 3514; x_wconf 80' lang='lat' dir='ltr'>pote-</span> 
     </span>
     <span class='ocr_line' id='line_1_93' title="bbox 1627 3527 2690 3593; baseline -0.001 -15"><span class='ocrx_word' id='word_1_542' title='bbox 1627 3541 1764 3579; x_wconf 85' lang='lat' dir='ltr'>rant.</span> <span class='ocrx_word' id='word_1_543' title='bbox 1830 3529 2002 3592; x_wconf 80' lang='lat' dir='ltr'>Igitur</span> <span class='ocrx_word' id='word_1_544' title='bbox 2020 3528 2062 3578; x_wconf 86' lang='lat' dir='ltr'>si</span> <span class='ocrx_word' id='word_1_545' title='bbox 2086 3544 2188 3593; x_wconf 87' lang='lat' dir='ltr'>qna</span> <span class='ocrx_word' id='word_1_546' title='bbox 2203 3528 2355 3578; x_wconf 81' lang='lat' dir='ltr'>Livio</span> <span class='ocrx_word' id='word_1_547' title='bbox 2376 3527 2509 3577; x_wconf 86' lang='lat' dir='ltr'>fides</span> <span class='ocrx_word' id='word_1_548' title='bbox 2531 3528 2690 3578; x_wconf 75' lang='lat' dir='ltr'>habe·</span> 
     </span>
     <span class='ocr_line' id='line_1_94' title="bbox 1627 3604 2690 3668; baseline -0.003 -13"><span class='ocrx_word' id='word_1_549' title='bbox 1627 3614 1729 3667; x_wconf 81' lang='lat' dir='ltr'>tur,</span> <span class='ocrx_word' id='word_1_550' title='bbox 1752 3605 1966 3653; x_wconf 85' lang='lat' dir='ltr'>condita</span> <span class='ocrx_word' id='word_1_551' title='bbox 1981 3610 2061 3653; x_wconf 83' lang='lat' dir='ltr'>est</span> <span class='ocrx_word' id='word_1_552' title='bbox 2083 3605 2317 3654; x_wconf 81' lang='lat' dir='ltr'>Massilia</span> <span class='ocrx_word' id='word_1_553' title='bbox 2340 3604 2395 3653; x_wconf 91' lang='lat' dir='ltr'>in</span> <span class='ocrx_word' id='word_1_554' title='bbox 2415 3604 2690 3668; x_wconf 71' lang='lat' dir='ltr'>Salyornns</span> 
     </span>
     <span class='ocr_line' id='line_1_95' title="bbox 1627 3680 2689 3745; baseline -0.001 -14"><span class='ocrx_word' id='word_1_555' title='bbox 1627 3689 1717 3731; x_wconf 85' lang='lat' dir='ltr'>ant</span> <span class='ocrx_word' id='word_1_556' title='bbox 1730 3681 1940 3745; x_wconf 81' lang='lat' dir='ltr'>Salynm</span> <span class='ocrx_word' id='word_1_557' title='bbox 1961 3680 2173 3744; x_wconf 78' lang='lat' dir='ltr'>finibus,</span> <span class='ocrx_word' id='word_1_558' title='bbox 2194 3681 2368 3745; x_wconf 82' lang='lat' dir='ltr'>gentis</span> <span class='ocrx_word' id='word_1_559' title='bbox 2385 3681 2689 3743; x_wconf 76' lang='lat' dir='ltr'>Ligusticae.</span> 
     </span>
     <span class='ocr_line' id='line_1_96' title="bbox 1628 3756 2692 3821; baseline 0 -15"><span class='ocrx_word' id='word_1_560' title='bbox 1628 3758 1829 3806; x_wconf 82' lang='lat' dir='ltr'>Contra</span> <span class='ocrx_word' id='word_1_561' title='bbox 1846 3757 2069 3820; x_wconf 75' lang='lat' dir='ltr'>Trogus,</span> <span class='ocrx_word' id='word_1_562' title='bbox 2090 3764 2162 3817; x_wconf 90' lang='lat' dir='ltr'>et,</span> <span class='ocrx_word' id='word_1_563' title='bbox 2177 3756 2269 3821; x_wconf 89' lang='lat' dir='ltr'>qui</span> <span class='ocrx_word' id='word_1_564' title='bbox 2293 3771 2360 3804; x_wconf 84' lang='lat' dir='ltr'>ex</span> <span class='ocrx_word' id='word_1_565' title='bbox 2382 3757 2561 3819; x_wconf 81' lang='lat' dir='ltr'>Trogo</span> <span class='ocrx_word' id='word_1_566' title='bbox 2584 3758 2692 3820; x_wconf 84' lang='lat' dir='ltr'>epi·</span> 
     </span>
     <span class='ocr_line' id='line_1_97' title="bbox 1625 3833 2688 3896; baseline -0.002 -12"><span class='ocrx_word' id='word_1_567' title='bbox 1625 3843 1800 3884; x_wconf 79' lang='lat' dir='ltr'>tomen</span> <span class='ocrx_word' id='word_1_568' title='bbox 1825 3833 1977 3896; x_wconf 82' lang='lat' dir='ltr'>fecit,</span> <span class='ocrx_word' id='word_1_569' title='bbox 1998 3833 2257 3895; x_wconf 80' lang='lat' dir='ltr'>Justinus,</span> <span class='ocrx_word' id='word_1_570' title='bbox 2280 3834 2333 3882; x_wconf 86' lang='lat' dir='ltr'>in</span> <span class='ocrx_word' id='word_1_571' title='bbox 2355 3846 2521 3883; x_wconf 79' lang='lat' dir='ltr'>xmn.</span> <span class='ocrx_word' id='word_1_572' title='bbox 2537 3837 2589 3884; x_wconf 73' lang='lat'>3.</span> <span class='ocrx_word' id='word_1_573' title='bbox 2610 3849 2688 3883; x_wconf 76' lang='lat' dir='ltr'>as-</span> 
     </span>
     <span class='ocr_line' id='line_1_98' title="bbox 1627 3908 2694 3973; baseline 0 -14"><span class='ocrx_word' id='word_1_574' title='bbox 1627 3916 1812 3959; x_wconf 86' lang='lat' dir='ltr'>serunt</span> <span class='ocrx_word' id='word_1_575' title='bbox 1827 3909 1879 3959; x_wconf 91' lang='lat' dir='ltr'>in</span> <span class='ocrx_word' id='word_1_576' title='bbox 1901 3909 1919 3937; x_wconf 88' lang='lat'>‘</span> <span class='ocrx_word' id='word_1_577' title='bbox 1932 3911 2069 3973; x_wconf 80' lang='lat' dir='ltr'>regis</span> <span class='ocrx_word' id='word_1_578' title='bbox 2086 3910 2448 3971; x_wconf 81' lang='lat' dir='ltr'>Segoreiorum</span> <span class='ocrx_word' id='word_1_579' title='bbox 2471 3908 2663 3959; x_wconf 82' lang='lat' dir='ltr'>finibus</span> <span class='ocrx_word' id='word_1_580' title='bbox 2678 3909 2694 3932; x_wconf 80' lang='lat'><strong><em>⁹</em></strong></span> 
     </span>
     <span class='ocr_line' id='line_1_99' title="bbox 1627 3987 2689 4048; baseline 0 -12"><span class='ocrx_word' id='word_1_581' title='bbox 1627 3993 1879 4048; x_wconf 59' lang='lat' dir='ltr'>statutam</span> <span class='ocrx_word' id='word_1_582' title='bbox 1912 4002 2029 4037; x_wconf 90' lang='lat' dir='ltr'>esse</span> <span class='ocrx_word' id='word_1_583' title='bbox 2054 3987 2363 4043; x_wconf 85' lang='lat' dir='ltr'>Massiliam,</span> <span class='ocrx_word' id='word_1_584' title='bbox 2396 3987 2571 4036; x_wconf 84' lang='lat' dir='ltr'>‘iuter</span> <span class='ocrx_word' id='word_1_585' title='bbox 2607 3987 2689 4036; x_wconf 89' lang='lat' dir='ltr'>Li·</span> 
     </span>
     <span class='ocr_line' id='line_1_100' title="bbox 1629 4058 2687 4128; baseline -0.004 -15"><span class='ocrx_word' id='word_1_586' title='bbox 1629 4078 1783 4127; x_wconf 81' lang='lat' dir='ltr'>gures</span> <span class='ocrx_word' id='word_1_587' title='bbox 1817 4072 1874 4113; x_wconf 79' lang='lat' dir='ltr'>et</span> <span class='ocrx_word' id='word_1_588' title='bbox 1907 4062 2049 4113; x_wconf 87' lang='lat' dir='ltr'>feras</span> <span class='ocrx_word' id='word_1_589' title='bbox 2082 4071 2268 4128; x_wconf 76' lang='lat' dir='ltr'>gentes</span> <span class='ocrx_word' id='word_1_590' title='bbox 2292 4058 2605 4119; x_wconf 78' lang='lat' dir='ltr'>Gallorum,’</span> <span class='ocrx_word' id='word_1_591' title='bbox 2635 4061 2687 4111; x_wconf 90' lang='lat' dir='ltr'>id</span> 
     </span>
     <span class='ocr_line' id='line_1_101' title="bbox 1627 4137 2688 4203; baseline -0.003 -14"><span class='ocrx_word' id='word_1_592' title='bbox 1627 4149 1731 4203; x_wconf 79' lang='lat' dir='ltr'>est,</span> <span class='ocrx_word' id='word_1_593' title='bbox 1761 4141 1991 4190; x_wconf 82' lang='lat' dir='ltr'>Cavares</span> <span class='ocrx_word' id='word_1_594' title='bbox 2012 4147 2071 4189; x_wconf 86' lang='lat' dir='ltr'>et</span> <span class='ocrx_word' id='word_1_595' title='bbox 2094 4140 2410 4199; x_wconf 76' lang='lat' dir='ltr'>Vocontios3</span> <span class='ocrx_word' id='word_1_596' title='bbox 2442 4145 2499 4187; x_wconf 83' lang='lat' dir='ltr'>et</span> <span class='ocrx_word' id='word_1_597' title='bbox 2522 4137 2688 4188; x_wconf 83' lang='lat' dir='ltr'>locum</span> 
     </span>
     <span class='ocr_line' id='line_1_102' title="bbox 1628 4214 2688 4279; baseline -0.003 -15"><span class='ocrx_word' id='word_1_598' title='bbox 1628 4231 1656 4264; x_wconf 85' lang='lat' dir='ltr'>a</span> <span class='ocrx_word' id='word_1_599' title='bbox 1682 4230 1806 4279; x_wconf 80' lang='lat' dir='ltr'>rege</span> <span class='ocrx_word' id='word_1_600' title='bbox 1841 4216 1954 4278; x_wconf 85' lang='lat' dir='ltr'>ipso</span> <span class='ocrx_word' id='word_1_601' title='bbox 1978 4228 2172 4277; x_wconf 78' lang='lat' dir='ltr'>genero</span> <span class='ocrx_word' id='word_1_602' title='bbox 2198 4214 2374 4263; x_wconf 85' lang='lat' dir='ltr'>datum</span> <span class='ocrx_word' id='word_1_603' title='bbox 2395 4229 2409 4262; x_wconf 74' lang='grc' dir='ltr'><strong>ε</strong></span> <span class='ocrx_word' id='word_1_604' title='bbox 2446 4228 2574 4278; x_wconf 84' lang='lat' dir='ltr'>qnos</span> <span class='ocrx_word' id='word_1_605' title='bbox 2598 4215 2688 4263; x_wconf 89' lang='lat' dir='ltr'>Se·</span> 
     </span>
     <span class='ocr_line' id='line_1_103' title="bbox 1629 4290 2683 4356; baseline -0.002 -14"><span class='ocrx_word' id='word_1_606' title='bbox 1629 4292 1831 4356; x_wconf 76' lang='lat' dir='ltr'>goreios</span> <span class='ocrx_word' id='word_1_607' title='bbox 1857 4293 1939 4342; x_wconf 90' lang='lat' dir='ltr'>vel</span> <span class='ocrx_word' id='word_1_608' title='bbox 1967 4291 2125 4341; x_wconf 87' lang='lat' dir='ltr'>Reios</span> <span class='ocrx_word' id='word_1_609' title='bbox 2147 4290 2384 4342; x_wconf 83' lang='lat' dir='ltr'>Justinus</span> <span class='ocrx_word' id='word_1_610' title='bbox 2408 4292 2569 4341; x_wconf 83' lang='lat' dir='ltr'>etiam</span> <span class='ocrx_word' id='word_1_611' title='bbox 2600 4290 2683 4339; x_wconf 68' lang='lat' dir='ltr'>La·-</span> 
     </span>
    </p>
   </div>
   <div class='ocr_carea' id='block_1_7' title="bbox 2906 4229 2911 4876">
    <p class='ocr_par' dir='ltr' id='par_1_9' title="bbox 2906 4229 2911 4876">
     <span class='ocr_line' id='line_1_104' title="bbox 2906 4229 2911 4876; baseline 0 0"><span class='ocrx_word' id='word_1_612' title='bbox 2906 4229 2911 4876; x_wconf 95' lang='lat' dir='ltr'> </span> 
     </span>
    </p>
   </div>
  </div>
 </body>
</html>
