2934 4925
763 419 834 467 τ.
879 418 1069 468 mvn
1122 417 1321 468 ms'r.
1371 419 1517 467 ma.
1565 417 1663 467 vi.
1710 419 1876 470 cAr.
1916 404 2026 472 36.

298 575 438 626 opera
460 560 704 612 orantibus
733 561 879 614 Leid.
898 567 950 612 1.
1013 562 1144 611 Τιιιιι
1169 561 1358 612 vocula·

298 653 393 687 noa
436 653 710 703 perperam
747 638 895 689 deest
936 638 988 687 in
1033 638 1181 688 Leid.
1210 642 1261 687 2.
1297 644 1354 688 et

298 715 427 765 Lov.
443 721 488 765 1.
531 716 736 767 Deinde
752 717 929 766 Patres
946 704 1001 766 εἴ
1018 717 1152 766 modo
1172 717 1297 766 Lov-
1305 722 1356 765 6.

313 793 395 855 ξ
425 795 457 841 8
505 792 880 843 Remitteuts‘bus
926 792 1136 842 tribunis
1185 791 1354 855 plebis,

296 868 488 918 mnino
505 883 593 930 per
610 869 896 930 interreg-eas
913 874 1028 918 suat
1045 867 1232 933 habita]
1260 868 1356 917 Er·

297 957 466 993 rorem
486 944 704 1009 Vopisci
735 944 787 994 iu
813 944 1000 996 Tacito
1026 958 1075 996 c.
1097 950 1143 994 1.
1177 945 1229 994 ἰιι
1260 945 1356 995 bac

298 1033 358 1069 re
402 1020 473 1070 ibi
533 1022 878 1070 observarunt
924 1020 1258 1071 Casaubonus
1300 1029 1358 1071 et

297 1098 595 1149 Salmasius.
641 1099 780 1149 Μ.
863 1098 967 1148 Vel
1004 1100 1358 1150 remittentibus

295 1174 379 1223 bic
401 1180 660 1240 tamqnam
695 1181 938 1225 neutrum
974 1174 1087 1225 siue
1116 1189 1240 1226 casu
1261 1189 1357 1239 per

297 1252 509 1316 ellipsin
544 1253 772 1314 ponitur,
801 1266 897 1316 pro
924 1252 943 1281 ⁸
969 1251 1355 1302 remittentibus

297 1328 603 1391 certameu,’
641 1330 658 1359 ⁴
683 1328 1071 1379 remittentibus
1110 1329 1357 1379 interces-

299 1404 497 1455 sionem
514 1404 549 1455 z'
570 1406 645 1455 ita
666 1418 728 1455 ιι.
748 1409 830 1456 84.
859 1403 878 1435 ⁴
895 1405 972 1456 Ut
988 1406 1164 1463 etiam,
1184 1405 1271 1455 ubi
1291 1421 1356 1457 ea

297 1482 602 1544 pestilentia
630 1481 928 1537 remisisset,
959 1487 1161 1531 terrore
1181 1482 1356 1547 aliquo

298 1560 650 1610 tenereutnrz'
705 1555 769 1606 ad
804 1571 959 1623 quem
998 1560 1165 1609 locum
1206 1559 1358 1623 plura

295 1636 451 1686 videt
489 1636 573 1685 vel
603 1634 957 1685 remittentibus
991 1643 1073 1685 est
1104 1635 1121 1664 ‘
1143 1637 1358 1700 permit·

300 1710 564 1763 tentibus.’
642 1711 780 1761 Vide
808 1712 1041 1777 Lipsium
1082 1711 1147 1762 ad
1191 1713 1359 1764 Tacit.

299 1788 493 1839 Annal.
511 1801 551 1839 ι.
566 1792 618 1839 Β.
665 1786 870 1838 Acidal.
887 1787 952 1837 ad
967 1788 1151 1838 Pacati
1165 1788 1359 1850 Paneg.

301 1879 350 1914 c.
368 1868 451 1915 82.
469 1871 524 1915 et
535 1865 655 1917 Jac.
678 1861 994 1916 Gotbofred.
1016 1864 1080 1914 ad
1101 1864 1138 1913 l.
1154 1868 1206 1915 8.
1227 1864 1357 1915 Cod.

298 1941 560 1992 Theodos.
576 1940 643 1991 de
665 1942 875 1991 Divers.
897 1940 1165 2005 Rescript.
1188 1940 1261 1991 ita
1281 1947 1358 1991 ta·

298 2030 439 2074 men,
464 2025 521 2067 ut
542 2018 639 2068 boc
656 2018 820 2068 verbo
839 2016 1239 2080 indicetur,non
1253 2031 1360 2069 mo·

299 2091 368 2143 do
402 2094 713 2157 permisisse,
750 2094 1066 2144 concessisse
1104 2094 1360 2152 tribunos,

300 2170 392 2221 sed
430 2172 591 2222 etiam
624 2172 784 2221 victos
816 2178 874 2222 et
894 2178 1220 2236 expugnatos
1241 2180 1361 2234 post

299 2246 510 2312 aliquod
533 2256 794 2297 certamen
818 2247 1134 2312 permisisse,
1151 2262 1361 2298 conces·

296 2324 460 2385 sisse3
484 2330 541 2374 et
561 2324 767 2388 quidem
788 2324 1029 2375 hocloco
1051 2325 1362 2376 verecundia

298 2399 489 2463 victos,
507 2408 826 2465 expugnatos
845 2401 1021 2454 fuisse.
1066 2400 1204 2452 Vide
1227 2403 1281 2454 J·
1302 2404 1363 2453 F.

301 2477 623 2529 Gronovium
646 2478 868 2530 Observ.
888 2494 973 2531 ιν.
995 2484 1048 2531 8.
1114 2479 1361 2531 Ceterum

301 2561 405 2605 vox
437 2555 588 2620 plebis
607 2555 756 2606 deest
776 2556 830 2605 in
851 2556 997 2609 Leid.
1014 2561 1065 2608 2.
1093 2557 1287 2608 censitio
1306 2556 1362 2607 iu

300 2630 491 2697 fragm.
522 2633 659 2684 Hav.
694 2647 725 2683 a
747 2649 816 2686 ni.
843 2648 925 2699 pr.
956 2633 1049 2686 sed
1081 2635 1151 2685 ab
1176 2634 1360 2685 eadem

300 2708 574 2774 adscripta
603 2717 778 2762 exstat
812 2711 863 2760 in
899 2711 1149 2774 margine.
1226 2711 1360 2761 Tum

293 2801 387 2850 per
404 2788 576 2837 inter-r.
595 2787 759 2838 habita
775 2793 886 2838 suat
913 2786 1127 2852 prefert
1146 2787 1295 2840 Leid.
1311 2791 1362 2839 2.

294 2878 387 2928 pes·
404 2864 578 2915 interr.
596 2878 731 2914 suam
748 2864 912 2915 habita
931 2862 1118 2930 fragm.
1139 2865 1276 2915 Hav.

349 2940 630 3004 creatique
651 2940 830 2991 eribant·
853 2941 1057 2991 utilitum
1077 2940 1140 2990 Ι..
1160 2941 1362 3006 Furius,

301 3015 371 3071 A.
407 3017 647 3081 Manius]
682 3017 817 3068 Pali.
842 3020 890 3068 1.
927 3030 990 3067 ac
1023 3020 1089 3067 8.-
1118 3017 1363 3067 Metilius.

303 3092 546 3144 Andreas
587 3092 756 3144 edidit
795 3095 860 3143 Δ.
891 3092 1144 3143 Manilius.
1188 3094 1362 3145 Gebh.

301 3170 482 3221 Aulius
521 3170 747 3220 Mutiliae
781 3169 968 3233 fragm.
1008 3168 1147 3225 Har.
1208 3167 1367 3221 Aulus

304 3245 533 3296 Metilius
563 3244 714 3295 Leid.
737 3248 784 3296 1.
823 3246 947 3296 [aer.
969 3248 1019 3295 8.
1054 3252 1111 3294 et
1143 3245 1366 3297 Gaertn.

303 3323 592 3374 scribarum
616 3337 813 3384 errore,
838 3323 927 3387 qui
963 3322 1143 3373 literas
1171 3337 1207 3371 n
1233 3330 1290 3372 et
1325 3324 1368 3373 ti

302 3397 372 3447 ob
396 3397 645 3447 ductuum
668 3397 1058 3448 similitudinem
1087 3398 1143 3446 iu
1164 3397 1369 3463 Lougo-

303 3472 518 3523 bardiea
540 3475 802 3538 scriptura
822 3473 1189 3524 confuderunt.
1232 3475 1369 3524 Vide

305 3550 370 3600 ad
394 3564 473 3601 ιν.
495 3555 580 3602 46.
601 3553 632 3617 §
653 3556 701 3602 9.
752 3550 1000 3602 Ceterum
1024 3551 1257 3617 plerique
1276 3551 1369 3602 hu-

299 3627 390 3691 jus
426 3628 545 3678 anni
586 3628 776 3678 tribuni
802 3629 914 3693 jam
947 3622 1403 3679 antea‘enmdem.

305 3708 667 3771 magistratum
703 3709 923 3774 gessisse
960 3705 1220 3756 dicuutur.
1300 3707 1372 3756 Et

267 3792 271 3796 “
311 3785 517 3847 quidem
554 3785 615 3835 L.
648 3785 835 3834 Furius
868 3797 1005 3834 nuuc
1035 3784 1221 3834 iterum
1253 3797 1371 3833 eam

308 3861 619 3926 dignitatem
653 3860 875 3911 obtinet.
940 3859 1078 3912 Nam
1121 3867 1177 3910 et
1214 3873 1372 3923 supra

308 3941 551 3990 tribunus
617 3945 932 3989 memoratur
999 3950 1120 4000 cap.
1166 3940 1251 3989 22.
1303 3936 1371 3988 A.

307 4017 537 4068 Manlius
572 4024 842 4083 quartum;
875 4014 1090 4067 tertium
1121 4014 1258 4064 enim
1280 4014 1374 4064 ob·

310 4094 475 4151 currit
510 4108 557 4143 c.
587 4097 670 4143 21.
704 4092 815 4143 Ser.
850 4091 1110 4156 Sulpicius
1147 4092 1199 4141 in
1230 4092 1375 4144 Fast.

311 4170 598 4235 Capitolin.
617 4167 920 4232 fragmentis
951 4169 968 4195 ⁴
991 4167 1376 4218 Prmtextatus'

309 4255 550 4312 vocatur,
573 4255 631 4296 et
651 4245 861 4296 tertium
894 4244 1133 4295 tribunus
1162 4246 1377 4296 dicitur.

309 4328 400 4378 De
421 4324 678 4390 prioribus
696 4329 869 4372 autem
892 4322 1004 4386 ejus
1025 4321 1377 4372 tribunatibus

314 4401 433 4453 vide
455 4401 525 4455 ad
547 4416 594 4457 c.
617 4404 701 4452 22.
723 4400 753 4466 ς
775 4403 824 4451 1.
879 4397 1052 4451 Etiam
1073 4411 1194 4465 pars
1214 4398 1375 4451 nomi·

2311 405 2491 474 8065

1429 563 1511 612 nis
1530 563 1644 613 Ser.
1669 563 1895 614 Cornelii
1933 563 1986 615 in
2022 564 2227 628 Fragm.
2261 565 2490 629 Capitol.

1427 647 1685 701 superest,
1702 640 1838 689 unde
1854 650 2060 692 constat
2075 641 2486 706 Maluginensem

1426 716 1841 779 cognominatum
1885 716 2066 775 fuisse,
2108 724 2165 769 et
2206 719 2304 768 boc
2351 733 2488 768 anuo

1429 792 1672 842 bonorem
1728 791 1869 841 iilum
1925 798 2126 843 sextum
2186 793 2487 843 obtinuisse.

1429 868 1579 918 Idem
1602 882 1726 932 ergo
1746 875 1845 926 est,
1873 869 1939 919 de
1967 885 2067 934 quo
2103 870 2213 933 agit
2246 871 2488 935 Sigonius

1430 945 1496 995 ad
1521 947 1576 994 ν.
1599 949 1679 995 86.
1698 945 1722 1008 §
1743 948 1824 995 12.
1879 945 2028 995 Nulli
2051 952 2225 995 tamen
2248 959 2488 996 numeros

1428 1020 1543 1071 illos
1566 1021 1829 1071 addendos
1850 1035 2057 1084 censeo,
2076 1022 2214 1086 quod
2249 1031 2488 1073 constan·

1430 1105 1516 1148 ter
1537 1099 1590 1147 in
1610 1097 1766 1149 codd.
1787 1098 2110 1154 omittantur,
2128 1106 2184 1148 et
2202 1099 2377 1149 Livius
2398 1114 2489 1149 eos

1430 1176 1715 1240 saepissime
1736 1178 2046 1242 neglexerit.
2076 1177 2214 1228 Vide
2236 1178 2302 1229 ad
2327 1194 2388 1229 u.
2406 1182 2489 1229 te.

1495 1331 1562 1382 Δ.
1582 1336 1631 1381 et
1657 1332 1716 1381 C.
1738 1330 1946 1396 Valerii]
1983 1330 2278 1394 Legendum
2308 1335 2390 1381 est
2423 1333 2487 1381 Ρ.

1428 1411 1481 1457 et
1514 1408 1573 1456 C.
1606 1405 1804 1457 Valerii.
1869 1407 1937 1457 Id
1969 1406 2163 1458 docent
2192 1407 2489 1470 Capitolina

1428 1480 1737 1545 fragmenta,
1758 1483 1812 1532 in
1832 1482 2020 1549 quibus
2047 1493 2128 1534 est
2163 1496 2487 1535 rorntcou.

1431 1572 1486 1608 v.
1529 1560 1611 1610 Ex
1631 1574 1735 1624 quo
1756 1565 1999 1624 apparet,
2017 1559 2084 1610 P.
2101 1557 2362 1610 Valerium
2383 1559 2489 1609 Po-

1432 1637 1674 1701 plicolam
1698 1651 1834 1700 esse,
1854 1638 1942 1702 qui
1970 1645 2157 1703 quater
2179 1643 2302 1687 aute
2327 1637 2491 1688 tribu-

1430 1726 1528 1762 nus
1571 1713 1789 1762 militum
1845 1710 1964 1776 fuit,
2001 1720 2061 1763 et
2102 1719 2285 1777 postea
2327 1713 2487 1762 etiam

1432 1797 1636 1841 sextum
1670 1788 1895 1841 traditur
1923 1803 2043 1840 esse
2076 1804 2107 1839 a
2126 1779 2295 1839 Bvio.
2360 1790 2490 1842 Qum

1431 1880 1517 1917 res
1552 1865 1605 1915 in
1639 1880 1878 1930 magnum
1913 1865 2488 1917 errorem·Glareanum

1429 1941 1656 2004 induxit,
1678 1951 1738 1992 ut
1761 1955 1945 1992 aunum
1969 1941 2041 1991 ibi
2065 1942 2185 1991 sine
2205 1955 2390 1991 caussa
2411 1941 2490 1989 iu·

1430 2018 1790 2085 terjiciendum
1813 2032 1929 2069 esse
1949 2026 2178 2083 putaret.
2219 2016 2259 2080 [⁴
2275 2017 2491 2069 Glarea-

1430 2108 1530 2146 nus
1563 2095 1688 2145 alias
1725 2094 1936 2145 adducit
1971 2094 2211 2152 rationes,
2234 2109 2351 2157 quae
2387 2108 2491 2144 nou
2540 2147 2547 2152 ,

1432 2172 1717 2235 diluuntur,
1730 2179 1789 2222 nt
1809 2171 1924 2222 fieri
1948 2170 2287 2235 oportebat-’1
2320 2172 2492 2234 Sigon.

1431 2249 1610 2300 Priori
1641 2249 1825 2299 borum
1859 2250 2179 2300 tribunorum
2210 2247 2330 2299 Auli
2360 2263 2492 2310 prm·

1431 2341 1641 2384 nomen,
1687 2326 2118 2392 quemadmodum
2171 2334 2295 2375 ante
2345 2324 2494 2388 Sigo-

1432 2403 1574 2454 nium
1618 2403 1671 2453 iu
1712 2402 1948 2453 omnibus
1985 2403 2191 2452 excusis
2234 2406 2366 2467 erat,
2401 2401 2496 2452 tri·

1435 2480 1602 2532 bunut
1647 2480 1799 2531 codd.
1840 2493 2187 2546 quoscumque
2231 2479 2359 2536 vidi,
2403 2494 2495 2530 ex·

1433 2564 1594 2622 cepto
1611 2558 1721 2607 solo
1736 2557 1955 2607 Gaertn.
1979 2557 2032 2607 in
2055 2569 2157 2622 quo
2170 2555 2345 2605 Lucius
2364 2555 2494 2605 dici·

1436 2639 1541 2687 tur.
1619 2633 1723 2684 Sed
1762 2639 1909 2683 recte
1945 2633 2060 2697 ejus
2103 2632 2219 2682 loco
2255 2631 2494 2695 Sigonius

1438 2709 1643 2761 Publius
1664 2710 1917 2773 reposuit,
1942 2723 2096 2774 quem
2121 2709 2174 2758 in
2197 2721 2259 2759 eo
2282 2716 2495 2759 secutus

1435 2793 1517 2839 est
1531 2784 1746 2849 Pighius
1763 2784 1818 2834 in
1833 2782 2022 2834 Annal.
2040 2781 2171 2834 ad-a.
2183 2795 2498 2834 cccuxxn.

1436 2876 1493 2927 p.
1531 2866 1648 2912 2⁶⁶.
1721 2861 2008 2912 Glareanus
2038 2866 2210 2910 autem
2247 2874 2497 2922 errorem,

1436 2952 1589 3003 quem
1604 2937 1843 3001 Sigonius
1860 2933 2076 3000 refellit,
2091 2936 2345 2987 commisit
2363 2934 2435 2985 ad
2450 2949 2498 2985 c.

1436 3018 1522 3066 88.
1547 3016 1578 3080 §
1598 3019 1676 3064 11.
1698 3022 1752 3064 et
1784 3028 1832 3064 c.
1851 3017 1934 3064 ⁴2.
1967 3015 1996 3079 ς
2018 3016 2069 3063 8.
2133 3012 2287 3066 Quod
2322 3014 2495 3063 autem

1438 3089 1731 3141 Glareanus
1770 3096 2037 3154 queretur,
2072 3088 2335 3153 Sigouium
2371 3088 2497 3139 alias
2522 3126 2539 3143 .

1440 3169 1670 3218 rationes
1706 3182 1739 3217 a
1770 3180 1828 3217 se
1859 3164 2111 3216 adductas
2143 3179 2248 3215 non
2269 3164 2500 3226 diluisse,

1439 3244 1868 3309 quemadmodum
1911 3242 2026 3295 fieri
2075 3249 2397 3307 oportuerat,
2436 3242 2499 3292 iis

1440 3323 1650 3373 omnino
1667 3321 1905 3386 Sigonius
1928 3321 2196 3386 respondit
2216 3321 2267 3371 iu
2280 3320 2498 3371 Seboliis

1442 3398 1508 3449 ad
1522 3399 1829 3462 Cbronolog.
1845 3397 1975 3447 Livii
1985 3398 2051 3448 ad
2064 3413 2112 3448 a.
2125 3408 2502 3448 cccnxxxvnr.

1444 3476 1599 3529 Ratio
1630 3483 1803 3526 antem
1836 3481 2077 3525 notarum
2099 3488 2201 3524 non
2225 3474 2502 3538 permittit,

1445 3559 1506 3603 ut
1525 3552 1892 3615 examinemus,
1910 3556 2079 3600 utrum
2102 3550 2370 3614 responsio
2391 3550 2500 3612 ejus

1444 3628 1512 3679 ad
1579 3632 1879 3691 argumenta
1945 3624 2193 3677 Glareaui
2260 3623 2501 3675 sufficiat.

1446 3704 1617 3755 Certe.
1629 3717 1733 3753 non
1763 3699 2023 3753 satisfecit
2039 3696 2328 3763 Dodsrello,
2346 3716 2499 3767 quem

1445 3779 1552 3843 via,
1570 3779 1773 3829 diversa
1796 3778 1863 3828 ab
1885 3791 1946 3827 ea
1967 3791 2118 3842 quam
2141 3775 2428 3827 Glareanus
2445 3786 2504 3829 et

1446 3855 1691 3919 Sigonius
1733 3854 2053 3910 institerunt,
2096 3867 2284 3903 aunum
2319 3854 2500 3919 quisiu

1444 3932 1597 3982 Livio
1631 3929 1961 3982 intercidisse
1996 3929 2250 3993 creditur,
2271 3932 2321 3979 ei
2354 3932 2507 3981 resti·

1448 4009 1611 4061 tuisse
1630 4008 1845 4063 vidimus
1860 4007 1925 4056 ad
1947 4021 1996 4057 c.
2014 4009 2097 4057 84.
2116 4009 2145 4073 §
2167 4012 2215 4056 1.
2255 4006 2502 4058 Ceterum

1454 4085 1675 4138 Valesius
1712 4082 1999 4149 praeferunt
2031 4084 2161 4134 Lov.
2185 4086 2235 4133 1.
2269 4099 2302 4134 a
2322 4098 2392 4134 m.
2422 4098 2506 4149 pr.

1448 4162 1605 4212 Voss.
1629 4164 1676 4211 1.
1696 4164 1754 4210 et
1786 4157 1970 4223 fragm.
1989 4158 2128 4208 HaV.
2149 4158 2251 4208 nisi
2277 4160 2414 4224 quod
2452 4160 2507 4210 iu

1446 4252 1625 4289 eorum
1646 4235 1892 4299 secundo,
1910 4234 2154 4298 stigmate
2176 4235 2370 4285 ultimm
2389 4250 2508 4299 par-

1447 4316 1493 4366 ti
1513 4315 1602 4367 voi>
1639 4330 1673 4364 u
1711 4311 1946 4377 subjecto
1978 4311 2217 4362 librarius
2253 4320 2346 4361 aut
2378 4313 2508 4363 alius

1448 4394 1565 4462 quis
1593 4390 1824 4445 indicare
1856 4388 2095 4453 voluerit,
2129 4386 2506 4440 emendandum
