2934 4925
449 452 622 518 7902

517 610 793 674 Fidenate,
813 622 954 673 quum
975 608 1290 672 inplorassent
1319 608 1382 658 ab
1405 608 1502 658 Ro-

449 687 623 749 manis,
645 688 740 751 ipsi
755 683 1067 750 praestarent]
1107 686 1171 735 Et
1190 686 1346 752 fidem
1386 684 1511 735 edd.

451 764 747 828 principesz
797 760 899 827 'pro
938 778 1042 829 quo
1077 762 1246 813 Aldus
1267 763 1511 830 fidemque

452 839 744 889 substituit.
807 840 937 890 Cum
994 839 1108 903 ipso
1152 845 1325 889 autem
1369 844 1513 889 stant

454 930 631 965 omnes
654 916 782 965 Μαι.
799 915 895 964 nisi
916 916 1053 981 qnod
1062 915 1511 982 fidemquemquam

452 991 781 1053 inplorassent
802 991 941 1040 Flor.
964 998 1020 1041 et
1046 991 1190 1040 Leid.
1217 996 1263 1041 1.
1285 990 1513 1040 habeant

452 1082 628 1117 errore
685 1067 1026 1117 librariorum.
1116 1067 1325 1117 Deinde
1370 1082 1513 1132 qnam

446 1145 675 1207 plorasset
691 1143 972 1193 Klockian.
1037 1143 1138 1193 Sed
1164 1144 1380 1207 primam
1407 1143 1512 1208 eyl-

451 1220 619 1269 labam
657 1220 707 1268 in
742 1218 997 1283 absorpsit
1037 1219 1192 1269 litera
1230 1217 1399 1269 finalis
1424 1234 1513 1269 vo·

452 1298 525 1347 cis
552 1296 779 1360 praeced·
829 1296 963 1346 Vide
986 1296 1050 1348 ad
1070 1311 1121 1348 v.
1142 1301 1226 1347 27.
1249 1299 1277 1361 §
1300 1301 1352 1348 4.
1371 1312 1513 1361 quam

450 1374 732 1436 inplorasset
770 1373 896 1421 ιον.
928 1377 976 1422 2.
1040 1374 1174 1423 Tum
1216 1389 1247 1422 a
1281 1373 1514 1423 Romanis

452 1449 581 1500 Lov.
613 1453 663 1499 4.
711 1454 763 1498 5.
793 1448 1013 1499 Gaertn.
1052 1457 1107 1500 et
1147 1447 1336 1512 fragm.
1371 1450 1509 1500 Hav-

451 1527 693 1591 Deniqne
714 1530 971 1590 prestaret
993 1526 1148 1574 Voss.
1164 1530 1215 1575 2.

515 1605 544 1668 §
568 1607 598 1652 8
633 1602 803 1653 Primo
819 1602 1199 1666 populationibus
1215 1601 1327 1664 agri
1354 1607 1512 1651 terror

451 1685 526 1734 est
565 1680 817 1745 oppidanis
855 1680 1094 1743 wmarus]
1128 1679 1298 1729 Primo
1330 1680 1512 1743 postul.

451 1762 524 1807 est
566 1756 725 1820 oppid.
767 1757 1000 1818 admotus,
1045 1755 1257 1821 reliquis
1298 1757 1513 1818 omissis,

455 1833 603 1886 Leid.
643 1837 695 1883 2.
780 1831 845 1882 Τὸ
881 1837 955 1883 est
994 1832 1176 1883 deficit
1217 1833 1272 1882 in
1328 1832 1513 1897 fragm.

454 1909 594 1959 Rev·
673 1910 864 1959 Paullo
909 1916 1029 1959 ante
1066 1911 1337 1972 adlegarem
1372 1913 1512 1967 esset,

452 2000 549 2049 pro
570 1987 785 2035 adlatum
818 1985 1215 2049 esset‚.pra»fert
1252 1986 1391 2036 idem
1424 2001 1512 2037 co-

453 2060 576 2111 dex.
634 2060 838 2111 Deinde
859 2062 1110 2125 potestatis
1130 2067 1272 2128 esset,
1296 2077 1391 2127 pro
1406 2066 1514 2127 pot.

452 2146 568 2194 esse,
592 2138 717 2187 Lov.
741 2142 789 2187 1.
925 2176 934 2185 .

515 2217 546 2280 ξ
568 2219 600 2265 4
635 2213 869 2264 Fascibus
904 2221 1251 2265 sarmentorum
1295 2232 1359 2267 ex
1395 2223 1516 2279 agro

450 2291 660 2354 collatis]
710 2291 937 2341 Falcibus
955 2298 1298 2343 summorum
1320 2293 1516 2343 Klock·

449 2367 557 2418 ian.
621 2367 759 2417 Vide
784 2367 849 2418 ad
888 2381 1025 2418 xtu.
1047 2372 1131 2422 64.
1166 2371 1266 2433 §a
1300 2369 1520 2429 fascibus

450 2450 773 2495 armentorum
792 2443 940 2495 Leid.
961 2448 1013 2495 2.
1080 2443 1185 2495 Sed
1212 2445 1414 2495 literam
1448 2446 1519 2494 si-

451 2521 705 2571 bilantem
743 2521 811 2570 ab
849 2520 999 2571 initio
1038 2522 1179 2571 vocis
1232 2521 1517 2585 intercepit

453 2606 719 2662 postrema
737 2597 1099 2662 praecedentis.
1132 2598 1270 2648 Vide
1290 2598 1352 2649 ad
1374 2611 1518 2648 xxx.

451 2680 501 2726 3.
526 2678 554 2741 §
577 2681 627 2727 8.
695 2677 836 2727 Hinc
870 2692 932 2727 ex
959 2679 1096 2741 agris
1129 2679 1316 2728 conatis
1359 2679 1516 2731 Port.

452 2756 507 2804 in
529 2769 684 2819 quem
705 2769 935 2805 errorem
957 2755 1222 2805 librarium
1248 2754 1375 2825 illud
1392 2770 1516 2805 con·

445 2832 603 2896 jecit,
626 2831 767 2896 quod
793 2831 906 2895 jam
933 2831 1107 2881 notavi
1145 2832 1245 2881 hoe
1281 2832 1370 2881 lib.
1393 2847 1443 2883 c.
1465 2836 1517 2881 8.

452 2911 482 2974 ξ
506 2912 554 2959 8.
587 2925 651 2959 ex
668 2923 788 2971 ‹ug-ro
809 2909 939 2958 datis
961 2908 1092 2958 Lov.
1111 2912 1165 2958 2.
1200 2908 1288 2974 qni
1312 2909 1366 2958 in
1400 2923 1516 2961 ver-

449 2985 532 3036 bis
567 2986 992 3051 praecedentibus
1029 2986 1212 3044 sanior,
1248 3001 1343 3050 pro
1379 3001 1515 3037 souc-

454 3063 571 3119 tior,
592 3063 828 3126 scripsit.

516 3141 588 3189 Et
606 3143 809 3193 clamore
835 3140 989 3204 primo
1017 3139 1273 3205 inpeeuque
1292 3141 1513 3205 oppidum

448 3217 664 3280 eapitur]
700 3217 905 3267 Vocula
925 3223 975 3267 et
992 3217 1169 3267 deficit
1191 3233 1219 3267 s
1243 3232 1309 3267 m.
1328 3232 1433 3268 sec.
1457 3217 1514 3267 in

450 3291 596 3340 Flor.
672 3291 880 3342 Deinde
923 3282 1121 3356 impetu,
1162 3294 1274 3342 aine
1322 3295 1513 3358 copula

450 3385 557 3435 que,
590 3372 775 3435 legunt
808 3370 1089 3421 multae-ex
1135 3372 1351 3422 vetustis
1390 3372 1513 3422 edd.

451 3461 605 3513 quam
625 3455 771 3498 recte
794 3446 1022 3497 additam
1047 3446 1200 3498 video
1221 3448 1275 3498 in
1306 3449 1512 3500 Medio·

449 3525 558 3576 lan.
585 3528 735 3575 1495.
816 3523 955 3574 Vide
999 3525 1097 3574 hoc
1136 3524 1227 3574 lib.
1267 3525 1333 3576 ad
1376 3542 1425 3578 c.
1464 3532 1513 3578 4.

451 3605 479 3668 §
502 3608 554 3655 9.
929 3642 934 3647 -

515 3685 544 3748 §
576 3687 606 3732 5
643 3681 899 3747 Nepesinis
919 3683 1030 3732 inde
1050 3682 1269 3741 edictum,
1302 3688 1357 3733 ut
1376 3699 1513 3734 arma

445 3759 651 3824 ponant]
687 3760 943 3823 Nepetiais
961 3760 1113 3809 Voss.
1136 3764 1185 3810 2.
1225 3762 1349 3810 Lov-
1370 3765 1421 3811 3.
1454 3768 1512 3810 et

447 3835 591 3885 HaV.
657 3837 934 3899 Nepestt’nis
956 3837 1110 3888 Harl.
1126 3841 1177 3886 2.
1214 3837 1437 3888 Gaertn.
1455 3847 1513 3888 et

448 3910 602 3963 P-ort.
682 3913 899 3971 Eadem,
944 3929 1060 3978 quae
1098 3914 1205 3977 hic,
1246 3916 1514 3978 scriptura

448 4000 571 4034 mox
594 3986 751 4036 etiam
776 3997 1017 4052 superest
1048 3989 1098 4038 in
1125 3989 1273 4039 Voss.
1294 3996 1344 4042 2.
1378 3990 1512 4041 Lov-

450 4063 500 4109 8·
534 4062 756 4112 Gaertn.
777 4070 833 4112 et
856 4066 1007 4115 Port.
1052 4065 1189 4114 Vide
1213 4066 1277 4115 ad
1302 4069 1329 4132 ξ
1356 4071 1402 4116 1.
1434 4068 1513 4116 in-

448 4139 509 4186 de
528 4139 708 4188 dietum
727 4140 883 4189 habet
906 4141 1059 4192 Harl.
1084 4148 1132 4193 1.
1195 4143 1300 4193 Sed
1340 4144 1512 4208 prima

446 4213 603 4263 litera
621 4214 918 4282 intercepta
950 4226 1034 4268 est
1065 4220 1130 4269 ab
1160 4221 1346 4270 ultima
1370 4221 1512 4271 vocis

446 4293 674 4357 praeced.
737 4294 876 4345 Vide
907 4295 975 4346 ad
1009 4310 1076 4347 11.
1096 4302 1181 4348 44.
1214 4301 1315 4363 §6.
1380 4300 1510 4349 Tum

442 4375 623 4433 ponant
660 4385 765 4423 non
802 4371 1025 4440 adparet
1060 4373 1115 4424 in
1152 4375 1307 4426 Voss.
1327 4379 1379 4426 2.
1410 4390 1512 4442 pro

1139 439 1362 513 ποτε
1404 461 1807 514 vammum
1861 459 1943 511 ut

1584 621 1685 672 quo
1718 608 1956 670 depomt
2006 601 2293 668 praeferunt
2326 602 2456 659 Lov.
2495 606 2547 654 4.
2590 607 2645 653 et

1583 683 1800 733 Hearnii
1832 682 2006 732 Oxon.
2030 681 2092 730 L.
2124 684 2174 729 2.
2210 687 2266 729 et
2302 680 2366 731 C.
2397 678 2538 745 qnod
2578 692 2647 728 ex

1584 759 1752 823 glossa
1774 758 2059 807 scholiastae
2083 765 2354 820 receptum
2370 769 2485 805 esse
2505 755 2649 805 vide-

1584 843 1691 886 tur.
1751 835 1768 862 ‘
1789 835 1996 884 Ponere
2018 831 2192 883 arma’
2213 831 2392 882 Livius
2410 831 2546 880 dixit
2569 844 2645 881 rv-

1588 915 1667 961 10.
1699 919 1715 942 ⁸
1736 911 1872 961 Dedi
1909 911 2297 974 imperatorem,
2339 921 2484 957 arma
2525 906 2650 969 poni

1576 988 1753 1052 jubet,
1786 985 2011 1038 fatentes
2035 986 2201 1037 victos
2238 999 2297 1035 se
2322 998 2457 1044 esse,
2479 992 2535 1033 et
2557 983 2649 1033 im·

1586 1066 1730 1130 perio
1754 1065 1972 1131 perere-³
2039 1077 2219 1115 xxxv.
2239 1067 2323 1114 36.
2357 1065 2374 1093 ‘
2392 1064 2512 1112 Nee
2544 1074 2650 1111 mo-

1589 1146 1752 1195 visset
1778 1160 1834 1194 se
1856 1144 2151 1210 quisquam,
2173 1142 2216 1191 si
2238 1140 2528 1203 extemplo,
2558 1152 2650 1202 po-

1587 1224 1700 1273 sitis
1722 1223 1900 1284 armis,
1918 1230 2101 1272 vocata
2117 1221 2169 1268 in
2193 1219 2498 1271 concionem
2522 1216 2651 1265 mul-

1588 1298 1758 1349 titudo
1802 1298 2029 1348 fuisset!
2092 1296 2294 1346 Auctor
2337 1295 2480 1357 Epit.
2535 1291 2648 1341 Liv-

1586 1377 1675 1427 lib.
1711 1390 1999 1427 Lxxxvni.
2032 1375 2173 1425 ‘Soli
2208 1388 2276 1423 ex
2311 1371 2516 1422 Italicis
2561 1384 2652 1434 po·

1587 1456 1722 1519 pnlis
1746 1470 1888 1505 arma
1921 1453 2150 1506 nondum
2186 1454 2476 1514 posuerant
2492 1446 2526 1497 ς’
2563 1445 2652 1496 nbi

1585 1531 1688 1581 alia
1707 1530 1842 1581 vide.
1881 1530 2008 1579 Mox
2025 1527 2266 1593 parcique,
2285 1540 2381 1589 pro
2398 1525 2653 1588 parcique,
2747 1584 2765 1606 =

1584 1606 1734 1656 Leid.
1758 1611 1805 1657 1.
1829 1612 1884 1656 et
1905 1607 2044 1657 Hav.
2073 1606 2268 1670 patique
2289 1601 2481 1665 fragm.
2506 1600 2650 1650 Hav.

1583 1686 1792 1737 Deinde
1811 1686 1992 1737 armati
2012 1691 2062 1737 et
2080 1685 2284 1736 inermes
2294 1684 2445 1733 Voss.
2458 1686 2508 1731 2.
2532 1681 2655 1731 Vox

1582 1763 1763 1812 armati
1803 1763 2012 1827 exsulat
2045 1776 2075 1811 a
2105 1762 2232 1811 Lov.
2267 1766 2319 1810 5.
2403 1757 2654 1821 Denique

1584 1840 1902 1890 multitudinis
1932 1841 2134 1889 reddita
2170 1852 2266 1897 res,
2303 1849 2399 1900 pro
2430 1834 2655 1884 multitu-

1585 1916 1693 1965 dini
1720 1916 1859 1965 Hav.
1900 1915 2089 1965 reddita
2111 1930 2188 1965 res
2225 1911 2444 1964 Hearnii
2472 1912 2652 1962 Oxon.

1587 1992 1649 2041 L.
1672 1997 1720 2042 1.
2074 2023 2077 2028 «

1651 2071 1679 2135 §
1702 2072 1735 2119 6
1768 2069 1868 2126 Ita,
1888 2068 2070 2119 duabus
2088 2067 2232 2118 sociis
2251 2066 2445 2116 urbibus
2464 2080 2528 2116 ex
2544 2065 2655 2113 lios·

1524 2163 1541 2174 ⁵
1589 2149 1637 2195 te
1658 2146 1878 2210 receptis,
1901 2146 2126 2194 victorem
2147 2141 2434 2205 exereitum]
2480 2141 2541 2189 In
2565 2141 2655 2189 du·

1588 2223 1704 2271 abus
1722 2222 1867 2271 sociis
1901 2220 2097 2271 urbibus
2133 2219 2270 2269 Hav.
2337 2219 2512 2281 Itaque
2531 2218 2653 2265 dua·

1590 2298 1676 2348 bus
1696 2297 1885 2362 fragm.
1924 2297 2062 2349 Hav,
2096 2301 2153 2346 et
2173 2294 2296 2345 edd.
2319 2293 2655 2343 vetustiores.

1591 2378 1759 2427 Aldus
1800 2376 1994 2426 deinde
2040 2376 2236 2440 primus
2272 2373 2356 2423 Ita
2399 2369 2655 2435 reposuit,

1590 2455 1730 2519 qnod
1765 2463 1976 2505 servant
2011 2452 2193 2516 scripti
2232 2449 2438 2515 reliqui.
2504 2449 2654 2498 Voce

1588 2532 1663 2581 ita
1685 2540 1740 2582 et
1755 2531 1916 2596 itaque
1936 2544 2077 2594 saepe
2098 2529 2153 2579 in
2174 2529 2306 2578 Mes.
2329 2531 2652 2577 commutan-

1590 2612 1696 2657 tur.
1760 2607 1901 2656 Vide
1930 2606 1997 2655 sd
2022 2617 2141 2654 xxi.
2164 2608 2247 2653 5³.
2278 2605 2374 2667 §¹7.
2437 2603 2569 2650 Tum
2589 2615 2653 2650 ex

1588 2685 1803 2741 hostibus
1822 2683 2023 2747 receptis
2039 2681 2185 2733 Harl.
2197 2683 2244 2731 2.
2271 2681 2419 2730 Port.
2436 2686 2493 2728 et
2510 2678 2653 2728 ΗΜ.

1591 2762 1841 2813 Canssam
1866 2760 2020 2824 hujus
2054 2759 2246 2808 erroris
2268 2757 2391 2806 dedi
2427 2756 2525 2805 lioe
2560 2754 2651 2805 lib.

1588 2837 1655 2887 ad
1683 2853 1731 2888 c.
1755 2841 1804 2891 3.
1841 2840 1943 2903 §85
2010 2835 2220 2886 Deinde
2251 2834 2478 2885 Veiorum
2513 2847 2650 2882 exer-

1585 2915 1736 2965 eitum
1783 2914 1937 2965 Leid.
1986 2917 2035 2964 1.
2112 2911 2336 2962 vitiorem
2387 2910 2651 2960 exereitum

1590 2992 1745 3043 Harl.
1769 2996 1821 3042 1.

1658 3070 1759 3118 Cur
1775 3082 1865 3132 per
1885 3080 1963 3120 eos
1981 3079 2130 3115 annos
2147 3064 2352 3113 militem
2372 3079 2438 3112 ex
2459 3061 2656 3111 institn-

1588 3150 1640 3194 to
1660 3161 1752 3196 non
1772 3141 2036 3205 dedissent]
2070 3142 2172 3192 Per
2193 3156 2272 3191 eos
2301 3142 2404 3191 dies
2430 3139 2585 3189 Harl.
2604 3143 2657 3188 2.

1590 3221 1812 3273 Gaertn.
1835 3222 1976 3270 Hav.
1999 3226 2056 3269 et
2078 3219 2129 3268 in
2153 3223 2407 3268 contextu
2426 3216 2580 3265 Port.
2602 3214 2658 3264 in

1589 3299 1739 3362 cujus
1769 3296 2004 3361 margine
2021 3309 2114 3360 per
2135 3310 2214 3345 eos
2233 3308 2386 3344 annos
2406 3291 2657 3342 emenda-

1590 3376 1766 3441 batur,
1801 3375 1937 3441 quod
1976 3381 2175 3424 rectum
2216 3378 2337 3420 est:
2384 3384 2508 3418 nam
2545 3369 2659 3433 jam

1589 3453 1815 3504 triennio
1839 3460 1962 3502 ante
1994 3452 2012 3481 ⁸
2030 3463 2195 3500 novus
2220 3454 2394 3497 terror
2417 3459 2658 3495 accesse-

1589 3537 1674 3580 rat
1706 3528 2006 3580 defectione
2047 3525 2349 3577 Latinorum
2395 3522 2660 3572 Hernico·

1589 3611 1846 3672 rumque,’
1875 3615 1932 3657 nt
1955 3605 2134 3655 Livius
2172 3608 2350 3652 narrat
2372 3600 2476 3649 hoe
2502 3599 2598 3649 lib.
2613 3613 2660 3648 c.

1588 3691 1639 3736 2.
1707 3678 1788 3734 Εἰς
1824 3699 1888 3734 eo
1925 3683 2105 3748 itaque
2153 3687 2391 3742 tempore
2436 3676 2660 3726 militem

1589 3777 1657 3812 ex
1691 3762 1933 3811 instituto
1970 3772 2072 3808 non
2110 3756 2387 3814 dederunt,
2417 3753 2660 3817 adeoque

1582 3853 1674 3903 per
1695 3853 1774 3887 eos
1788 3851 1956 3887 annos.
2020 3834 2203 3885 Paullo
2226 3839 2348 3881 ante
2370 3829 2431 3879 ab
2462 3829 2660 3878 latrinis

1588 3914 1911 3978 Hernicisque
1931 3926 2010 3962 res
2041 3910 2209 3974 petite
2230 3908 2456 3959 Hearnii
2480 3907 2659 3956 Oxou.

1586 3992 1648 4041 L.
1686 3997 1738 4042 2.
1800 3989 1907 4040 Sed
1954 3989 2172 4052 primam
2216 3984 2476 4050 syllabam
2516 3984 2656 4033 vocis

1585 4069 1805 4132 repetitae
1874 4067 2228 4129 interceperat
2297 4077 2397 4111 vox
2456 4074 2659 4126 praece-

1587 4145 1738 4195 dens.

1652 4224 1680 4287 §
1714 4225 1746 4270 7
1795 4220 2090 4284 Responsum
2116 4214 2368 4279 frequenti
2407 4214 2656 4277 utriusque

1582 4298 1747 4363 gentis
1764 4295 1961 4346 concilio
1975 4293 2071 4357 est]
2093 4293 2483 4356 Respomnmque
2503 4291 2656 4339 Voss.

1588 4379 1639 4427 1.
1661 4373 1811 4426 Leid.
1830 4375 1882 4425 2.
1906 4373 2034 4425 Lov.
2057 4373 2106 4422 1.
2127 4374 2178 4420 4.
2199 4373 2249 4419 5.
2279 4375 2338 4416 et
2372 4365 2511 4416 Hav-
2577 4361 2654 4415 At
