2934 4925
775 384 842 430 T.
892 382 1080 431 mvn
1128 382 1329 433 ffls‘r.
1382 383 1526 432 mn.
1575 385 1640 431 v.
1686 387 1851 436 cAP.
1896 368 2003 435 38.

283 523 302 552 ⁸
322 524 638 577 diduxerunt
664 526 678 549 '
744 527 955 586 tribuni,
1014 535 1029 557 ·
1054 529 1305 580 infirmam
1326 527 1341 550 '

272 602 416 652 enim
452 602 581 663 ‘et‚'
615 603 740 653 licet
771 604 928 668 ‘vix,'
954 611 1186 655 attamen
1220 612 1340 655 ‘eo-

267 681 566 729 ‚haereutem
622 682 844 730 mediam
897 684 1062 732 aciem
1086 681 1101 704 '
1167 684 1338 732 verbis

272 770 415 822 seqq.
438 757 620 807 Livius
644 768 914 823 memorat,
937 760 1073 824 quod
1099 757 1238 809 frons
1265 762 1357 826 ui·-

221 837 234 845 ·
276 833 372 879 mis
400 832 749 882 ‘extenuata'
777 832 932 883 foret.
988 834 1189 884 Passim
1216 851 1336 885 vero

273 906 602 959 ‘deducere’
652 920 710 960 et
752 910 1071 961 ‘diducere’
1104 912 1155 959 in
1197 913 1337 963 libris

272 985 484 1048 scriptis
542 985 787 1036 confundi
831 988 1017 1037 solent.
1085 988 1220 1037 Vide
1262 989 1334 1058 *ad

213 1117 220 1124 ,
271 1074 393 1111 xxi.
415 1067 501 1135 55.
529 1064 557 1127 §
580 1067 631 1111 5.
694 1063 960 1113 Praeterea
982 1070 1171 1114 struunt
1186 1065 1336 1115 aciem

223 1205 228 1210 Ἴ
271 1139 399 1187 Lov.
422 1143 475 1188 4.
544 1141 832 1206 Utrumque
854 1142 871 1168 ‘
887 1148 1091 1191 struere
1107 1141 1122 1164 ’
1142 1150 1198 1191 et
1220 1145 1236 1172 ‘
1258 1145 1333 1192 in-

267 1222 471 1265 struere
496 1217 693 1268 aciem'
728 1220 777 1268 in
803 1234 896 1268 usu
917 1217 1038 1267 fuit.
1103 1219 1240 1269 Vide
1268 1220 1332 1269 ad

268 1305 412 1346 xnn.
437 1300 524 1346 51.
547 1298 575 1361 §
598 1301 647 1347 8.
706 1297 867 1361 Hinc,
889 1312 1042 1364 quum
1067 1298 1331 1363 vulgatum

265 1371 588 1436 reliquorum
630 1373 785 1424 codd.
810 1367 1127 1425 'testimonio
1161 1375 1331 1425 firme-

264 1454 371 1510 tur,
386 1448 440 1497 id
462 1449 621 1498 etiam
640 1464 817 1499 verum
838 1465 900 1500 ac
919 1452 1195 1514 genuinum
1215 1466 1331 1502 esse

262 1536 414 1592 puto.
483 1527 672 1577 Paullo
718 1534 840 1576 ante
883 1542 969 1577 nee
1013 1528 1329 1594 inauspicato,

261 1619 359 1669 pro
381 1619 469 1657 nec
488 1605 751 1668 auspicato,
775 1604 901 1653 LoV.
923 1609 974 1653 3.

325 1683 413 1731 Ne
451 1681 786 1731 circumveniri
822 1697 854 1730 a
885 1680 1189 1732 multitudine
1221 1683 1326 1731 Itos-

253 1760 381 1810 tium
402 1760 623 1824 possent]
655 1760 838 1809 Scribe
859 1775 920 1810 ue
940 1760 1168 1810 circumc.
1190 1762 1327 1812 mule.

259 1837 470 1886 hostium
503 1842 730 1901 possent.
763 1837 925 1886 Rbcn.
992 1839 1327 1902 Praepositio·

258 1928 400 1970 nem,
441 1930 473 1963 a
513 1916 764 1964 Rhenano
800 1930 865 1964 ex
901 1923 1155 1964 contextu
1189 1917 1327 1979 ejec-

254 2002 385 2058 tam,
411 1994 588 2043 nullus
614 2007 842 2041 meorum
863 1993 1098 2043 codicum
1122 2000 1324 2044 servata

258 2072 373 2136 ejus
401 2079 585 2128 tannen
607 2072 722 2120 loco
744 2085 872 2118 unus
894 2070 1021 2119 Lov.
1041 2075 1085 2119 l.
1107 2069 1328 2135 praefert

252 2151 307 2199 iu
350 2150 683 2213 multitudiue,
716 2165 830 2215 quae
876 2164 940 2199 ex
979 2150 1145 2213 prima
1184 2150 1328 2199 vocis

255 2243 364 2293 seq.
385 2228 545 2277 litera
555 2242 841 2290 perperam
858 2228 1080 2290 repetita
1102 2227 1329 2277 videtur.

252 2304 524 2369 Trajectia
548 2304 762 2357 vocibus
794 2306 999 2354 hostium
1020 2306 1327 2355 multitudiue

254 2380 557 2445 praeferunt
590 2382 740 2431 Harl.
776 2385 828 2431 2.
862 2383 989 2431 Lov.
1021 2385 1070 2431 2.
1106 2386 1155 2431 3.
1189 2387 1238 2432 4.
1273 2387 1324 2432 5.

247 2459 410 2511 Port.
446 2459 669 2509 Gacrtn.
703 2459 844 2509 HaV.
883 2467 938 2509 et
968 2457 1155 2522 fragm.
1186 2458 1326 2511 HaV.

248 2543 415 2600 'posset
453 2537 611 2586 etiam
642 2538 769 2586 Lov.
803 2541 852 2587 4.
885 2543 945 2586 ut
975 2537 1237 2586 referatur
1259 2535 1323 2585 ad

247 2612 567 2675 praecedens
587 2613 729 2664 acies.
791 2614 988 2663 Verum
1014 2614 1094 2662 vel
1129 2613 1203 2662 ita
1227 2614 1323 2662 eti-

250 2704 331 2739 am
361 2692 634 2753 vulgatum
659 2692 964 2741 servandum
991 2692 1092 2741 erit
1114 2691 1180 2741 ob
1206 2690 1323 2740 reli·

249 2782 476 2832 quorum
520 2768 649 2819 Mss.
684 2769 1068 2819 auctoritatem.
1098 2770 1114 2797 ‘
1135 2767 1324 2818 Acies'

250 2845 396 2914 enim
433 2859 586 2909 aeque
610 2846 903 2895 conlective
930 2845 1100 2908 accipi
1126 2851 1324 2909 potest,

246 2927 413 2987 atque
435 2931 450 2953 ‘
470 2924 776 2979 exercitus,'
798 2925 813 2951 ‘
834 2921 1055 2985 cohors‚'
1071 2922 1087 2950 ‘
1101 2921 1323 2985 globus,'

248 3008 306 3048 et
338 3000 555 3061 similia,
591 3001 657 3050 de
691 3001 874 3064 quibus
908 3001 1027 3049 vide
1052 3001 1117 3050 ad
1141 3013 1321 3050 xxxv.

247 3079 328 3124 26.
362 3077 393 3140 §
415 3080 465 3124 9.
497 3077 727 3140 quamvis
761 3076 917 3126 etiam
947 3081 1138 3138 possent
1158 3076 1321 3140 respi-

247 3166 375 3202 cere
402 3153 567 3214 possit
593 3153 894 3216 praecedens
931 3154 946 3180 ‘
966 3152 1192 3202 cornua!

243 3240 250 3245 '
310 3232 340 3293 ξ
383 3233 415 3277 2
452 3229 677 3277 Paullum
720 3234 824 3278 erut
864 3229 924 3278 ab
965 3231 1165 3279 dextera
1202 3228 1323 3278 editi

248 3305 367 3368 loci]
407 3307 681 3356 Paullulum
701 3312 806 3357 erat
828 3307 977 3355 Harl.
992 3311 1041 3356 2.
1061 3322 1093 3356 a
1116 3321 1216 3371 quo
1239 3320 1319 3355 re·

245 3384 381 3449 liqui
408 3383 738 3433 dissentiunt.
803 3384 999 3433 Eadem
1042 3385 1318 3448 scripturae

247 3461 484 3508 varietas
530 3460 717 3523 saepius
762 3460 812 3508 in
859 3460 986 3508 Mes.
1030 3459 1182 3508 obvia
1221 3467 1322 3509 est.

246 3537 387 3586 Vide
411 3537 479 3585 ad
506 3549 712 3586 xxxvi.
735 3542 784 3586 9.
819 3538 846 3601 §
882 3542 931 3587 8.
997 3538 1181 3586 Paulus
1216 3543 1319 3586 erat

248 3615 378 3663 Lov.
400 3617 452 3662 2.
486 3614 642 3662 Palus
655 3620 758 3663 erut
782 3614 907 3663 Ιιον.
934 3619 980 3663 l.
1000 3621 1052 3664 4.
1070 3621 1123 3662 5.
1169 3615 1317 3663 ⁴Tum

246 3705 276 3738 o
317 3693 525 3740 dextera
562 3691 715 3739 Vos&
753 3695 797 3742 l.
830 3689 978 3739 Leid.
1011 3693 1062 3738 2.
1104 3691 1230 3739 Lov.
1270 3696 1318 3739 1.

241 3767 478 3816 Gaertn.
525 3773 580 3815 et
623 3766 742 3815 edd.
785 3781 913 3830 quas
964 3767 1085 3829 vidi,
1129 3766 1319 3816 Aldina

243 3844 472 3907 ‘pi-lorea.
540 3843 619 3893 Ab
646 3845 819 3892 dextra
842 3845 966 3892 Lov.
982 3848 1032 3892 2.
1056 3852 1113 3892 et
1131 3842 1316 3907 fragm.

248 3920 388 3970 Hav.
436 3921 627 3970 Paullo
654 3929 773 3969 ante
795 3920 976 3983 aequari
986 3921 1203 3981 fraudes,
1222 3935 1315 3982 pro

247 4013 339 4060 oeq.
350 3999 569 4058 frontes,
591 4012 867 4061 perperam
896 3997 1115 4048 Gaertn.
1181 3999 1314 4047 Mox

246 4089 384 4136 quam
406 4074 713 4124 subsidiariis
732 4076 859 4125 Lar.
882 4078 932 4125 4.
963 4085 1017 4124 et
1038 4081 1087 4124 5.
1112 4075 1198 4140 qui
1223 4074 1314 4124 de-

249 4152 433 4199 derant
459 4152 638 4202 Palus.
991 4172 998 4179 ·

321 4229 391 4278 Ut
419 4228 628 4278 ‘initium
655 4229 849 4292 pavonis
870 4244 927 4278 ac
944 4229 1105 4290 fugoe,
1126 4228 1197 4277 sic
1218 4243 1314 4278 uua

246 4304 828 4369 ralusfugientibusfuit]
853 4304 985 4355 Pau.
999 4305 1103 4356 duo
1123 4305 1193 4355 sic
1206 4305 1312 4355 -ima

2301 371 2472 439 7731

1412 522 1542 579 solus
1574 529 1877 591 fugientibus
1907 529 2033 589 fuit.
2099 530 2205 580 Ima
2235 533 2367 581 salue
2406 546 2472 581 au

1412 607 1560 671 quasi
1594 607 1775 657 ultima
1813 616 1969 671 atque
2007 610 2278 658 extrema?
2316 610 2473 660 Gema.

1414 683 1611 732 Omnes
1635 685 1796 734 nostri
1818 700 1913 733 unu
1934 686 2062 733 salus
2084 695 2330 736 servant:
2356 688 2475 751 ima,

1411 762 1547 827 quod
1572 762 1624 810 in
1657 761 1858 811 dnobus
1896 762 2029 811 Pall.
2053 762 2365 812 Gebhardus
2390 778 2472 812 re·

1412 842 1568 904 perit,
1595 843 1715 906 quin
1739 857 1803 890 ex
1827 842 2157 892 aberratione
2180 853 2358 894 natum
2381 846 2471 907 sit,

1411 934 1564 968 nemo
1603 920 1844 969 dubitare
1876 927 2085 983 potest3
2120 935 2276 985 quare
2311 921 2471 971 inter·

1411 998 1708 1060 pretatione
1741 996 1926 1046 molliri
1961 1010 2174 1046 necesse
2209 1011 2309 1046 non
2333 1004 2468 1047 erat.

1409 1073 1611 1122 Passim
1657 1075 1748 1123 has
1793 1087 1950 1123 voces
1996 1072 2197 1123 librarii
2238 1074 2293 1122 in
2335 1075 2467 1125 Mos.

1408 1155 1806 1199 commutarunt.
1874 1149 2011 1199 Vide
2034 1149 2100 1198 ad
2124 1162 2249 1199 vm.
2286 1152 2386 1215 ας
2418 1154 2468 1199 2.

1414 1226 1523 1275 Una
1540 1229 1670 1276 salus
1693 1234 1773 1276 est
1797 1225 1926 1287 sola,
1947 1225 2100 1274 unica
2122 1227 2277 1276 salus.
2306 1225 2471 1274 -Vide

1407 1303 1474 1350 ad
1503 1316 1584 1351 m.
1607 1306 1692 1352 69.
1713 1304 1740 1367 §
1762 1306 1813 1352 3.
1879 1303 2005 1351 Tum
2028 1300 2467 1363 salussaegientium

1406 1380 1544 1429 solus
1567 1380 1692 1428 Lov.
1712 1384 1762 1428 4.
1781 1380 1871 1430 sed
1895 1378 2467 1443 salusfugienlibus,pro

1404 1457 1421 1485 ⁸
1440 1458 1577 1505 salus
1599 1454 1947 1519 fugientium‚'
1981 1462 2038 1504 ut
2061 1457 2164 1504 alia
2189 1457 2370 1517 multa,
2385 1456 2468 1524 2¹¹0

1404 1536 1592 1599 quibus
1619 1534 1738 1583 vide
1769 1534 1831 1582 ad
1865 1546 1953 1581 nr.
1990 1538 2073 1583 46.
2113 1536 2213 1598 §2
2266 1534 2466 1583 Vocula

1400 1612 1470 1660 sic
1491 1612 1642 1661 deest
1666 1610 1716 1658 in
1741 1610 1892 1659 Leid.
1917 1614 2045 1660 2.·et
2070 1611 2196 1659 Lov.
2221 1616 2268 1660 1.
2307 1610 2467 1659 Paul·

1403 1689 1453 1738 lo
1477 1695 1599 1738 ante
1619 1686 1680 1736 τὸ
1700 1703 1778 1738 res
1799 1687 2072 1737 exsulabat
2095 1702 2125 1736 a
2149 1688 2279 1735 Lov.
2304 1692 2354 1735 5.
2456 1709 2463 1718 ·

1467 1767 1495 1830 §
1529 1770 1559 1815 3
1606 1766 1836 1814 Brennus
1858 1795 1873 1810 .
1893 1797 1907 1812 .
1926 1800 1940 1814 .
1956 1770 2115 1813 *artem
2148 1764 2355 1812 maxime
2399 1763 2464 1812 81⁶⁴

1399 1830 1558 1905 mens]
1589 1842 1780 1891 Brenus
1806 1842 1931 1889 Lov.
1954 1844 2003 1889 4.
2020 1847 2069 1889 5.
2085 1848 2138 1890 et
2160 1841 2299 1889 Hav.
2333 1842 2462 1890 Bre-

1399 1918 1510 1968 m‘us
1550 1917 1701 1968 Harl.
1735 1921 1784 1966 2.
1835 1918 2081 1966 Brennius
2119 1917 2268 1967 Port.
2324 1917 2462 1968 vide

1400 1994 1559 2043 etiam
1594 1994 1693 2043 hoc
1729 1994 1816 2042 lib.
1836 2007 1957 2056 cap.
1976 1997 2058 2042 48.
2079 1996 2107 2059 §
2131 1997 2180 2043 8.
2247 1993 2463 2044 Deinde

1400 2071 1574 2119 timeus
1601 2076 1771 2132 artem,
1804 2071 1976 2119 media
2000 2084 2127 2120 voce
2151 2071 2464 2133 praetermis·

1401 2162 1477 2205 aa.
1523 2148 1672 2198 Harl.
1717 2152 1767 2197 2.
1822 2148 1994 2197 timeus
2046 2148 2252 2197 maxime
2304 2152 2461 2197 artem

1402 2226 1557 2275 Voss.
1574 2231 1624 2276 2.
1649 2227 1799 2276 Port.
1824 2227 1948 2275 Lov.
1970 2230 2021 2275 2.
2039 2230 2086 2276 3.
2108 2230 2158 2274 4.
2173 2230 2220 2275 5.
2240 2224 2461 2275 Gaertu.

1404 2304 1543 2353 Hav.
1577 2312 1633 2352 et
1663 2303 1849 2369 fragm.
1886 2304 2023 2354 Hav.
2092 2303 2319 2366 Insuper
2340 2316 2462 2351 mox

1397 2384 1462 2431 ad
1482 2383 1536 2431 id
1569 2387 1723 2445 ratus,
1756 2382 2083 2445 transpositis
2112 2382 2299 2431 iterum
2322 2382 2463 2430 voci·

1399 2458 1515 2524 bus,
1540 2460 1593 2509 H
1599 2476 1678 2512 av.
1710 2466 1903 2525 raptum
1922 2460 2026 2510 adit
2043 2466 2230 2525 captum
2249 2459 2463 2522 superio·

1397 2553 1497 2587 rem
1518 2539 1671 2588 locum
1694 2539 1825 2589 [ον.
1847 2543 1897 2588 4.

1470 2615 1537 2664 Ut
1558 2615 1640 2664 uhi
1665 2616 1802 2664 Gaui
1821 2629 1926 2665 cum
1948 2615 2048 2665 acie
2069 2614 2309 2677 legionum
2327 2619 2461 2663 recta

1383 2692 1559 2751 fronte
1579 2692 1948 2755 concurrissent]
1985 2693 2162 2741 Prima
2194 2692 2461 2740 vocabuit

1396 2768 1580 2819 deficit
1611 2771 1664 2818 iu
1690 2771 1838 2819 Voss.
1864 2774 1914 2818 2.
1952 2771 2077 2818 Lov.
2099 2773 2148 2818 3.
2184 2776 2240 2818 et
2271 2767 2458 2830 fragm.

1399 2846 1538 2896 HaV.
1581 2861 1612 2894 a
1642 2861 1713 2896 m.
1749 2861 1827 2910 pr.
1849 2845 1940 2894 sed
1967 2861 1996 2893 a
2018 2844 2254 2908 sequenti
2277 2844 2458 2891 elisam
2485 2846 2488 2850 '

1399 2931 1548 2985 puto.
1625 2923 1724 2984 Ibi,
1767 2936 1862 2986 pro
1901 2921 1999 2985 ubi,
2038 2921 2193 2970 habet
2235 2919 2456 2970 Gaertu.

1396 2999 1531 3047 Vide
1576 3000 1642 3048 ad
1686 3013 1866 3049 xxvn.
1911 3004 1960 3048 5.
1999 2999 2026 3062 §
2070 3002 2120 3047 2.
2187 2997 2320 3045 Tum
2363 2997 2458 3045 leta

1383 3074 1554 3135 fronte
1595 3074 1778 3143 fragm.
1824 3074 1959 3123 Hav.
2002 3089 2033 3122 a
2077 3088 2147 3123 m.
2196 3087 2277 3136 pr.
2326 3077 2459 3121 recta

1394 3156 1561 3215 sponte
1603 3152 1753 3200 Voss.
1797 3154 1847 3200 2.
1906 3155 2031 3199 tecta
2075 3149 2244 3209 fronte
2294 3147 2454 3197 Curio

1396 3244 1616 3295 eumque
1640 3235 1829 3280 secutae
1854 3243 2035 3293 paucae
2058 3228 2177 3278 edd.
2248 3229 2456 3277 Concurs

1394 3308 1571 3355 risseut
1609 3306 1749 3355 Flor.
1782 3305 1920 3370 quod
1959 3305 2112 3368 hujus
2148 3304 2299 3353 unius
2338 3302 2457 3352 cod.

1396 3383 1502 3432 fide
1538 3384 1736 3447 recepi,
1759 3398 1914 3448 quum
1938 3381 2154 3431 formam
2179 3381 2312 3430 hauc
2337 3386 2457 3443 per-‘

1394 3459 1656 3510 sectorum
1682 3465 1732 3508 in
1754 3460 2051 3523 compositis
2076 3458 2220 3507 verbi
2246 3458 2262 3486 ‘
2283 3466 2457 3506 curre³

1396 3537 1490 3597 re,’
1523 3547 1578 3586 et
1601 3537 1808 3602 quidem
1846 3538 1899 3585 in
1924 3537 2036 3600 ipso
2071 3537 2086 3564 ‘
2107 3533 2458 3596 concurrere,’

1395 3616 1542 3665 Livio
1567 3616 1616 3665 iu
1637 3632 1728 3664 usu
1752 3613 1911 3664 fuisse
1938 3613 2215 3664 viderimus
2233 3611 2295 3660 ad
2319 3626 2357 3660 ι.
2374 3615 2456 3659 12:

1393 3695 1420 3758 §
1459 3697 1509 3741 8.
1576 3693 1772 3741 Eodem
1811 3691 1961 3739 ducit
1998 3691 2164 3738 altera
2197 3689 2454 3752 scriptura

1392 3771 1733 3830 cucurrissent,
1766 3783 1882 3832 quae
1908 3768 1959 3814 in
1984 3767 2135 3814 Voss.
2158 3769 2206 3814 2.
2229 3765 2376 3814 Leid.
2403 3769 2454 3814 2.

1394 3861 1425 3896 a
1461 3862 1529 3896 m.
1574 3860 1655 3909 pr.
1697 3846 1827 3893 Lov.
1864 3847 1917 3892 2.
1952 3847 2001 3892 3.
2043 3847 2094 3892 4.
2141 3842 2358 3892 Gaertn.
2399 3833 2455 3891 et'

1391 3921 1576 3986 fragm.
1614 3921 1752 3970 Hav.
1790 3934 1820 3967 a
1861 3935 1930 3968 m.
1968 3933 2047 3982 pr.
2082 3924 2338 3982 superest,
2362 3918 2455 3966 ubi

1389 4000 1559 4063 prima
1582 3996 1782 4062 syllaba
1815 4012 1902 4045 con
1935 3996 2120 4045 omissa
2141 4011 2254 4045 esse
2278 4003 2455 4059 potest
2541 4059 2546 4063 .

1389 4072 1684 4139 ignorantia
1702 4072 2027 4129 scribarum,
2054 4073 2141 4135 qui
2175 4073 2288 4136 ejus
2314 4086 2454 4120 com-

1389 4151 1634 4216 pendium
1658 4164 1684 4198 o
1707 4151 1790 4199 vel
1813 4171 1841 4212 9
1857 4149 2090 4199 adsecuti
2100 4163 2212 4199 non
2237 4154 2377 4198 sunt.-

1455 4226 1682 4275 Subsidia
1704 4226 1755 4274 iu
1774 4240 1963 4275 aversos
1981 4231 2360 4287 transversosque
2376 4224 2450 4271 iu-

1380 4309 1544 4368 petum
1564 4305 1752 4369 ament,
1773 4304 1836 4353 ad
1855 4302 2162 4353 subsidiarios
2181 4302 2323 4366 sima
2336 4314 2449 4351 *con-
