2934 4925
482 420 659 489 8026

552 580 754 632 Rom
793 578 1019 643 vaeniit]
1093 578 1297 630 Βωιιαηι
1342 578 1552 629 vertitur

486 659 640 710 Leid.
673 664 721 710 2.
769 658 971 708 Romam
1005 658 1265 710 revertitur
1308 656 1463 708 Voss.
1505 657 1552 704 1.

489 736 617 785 Lov.
642 739 687 785 1.
711 739 762 785 2.
782 739 829 785 4.
848 740 898 784 5.
917 734 1069 784 Harl.
1088 738 1138 783 2.
1161 733 1311 783 Port.
1336 733 1476 784 Hav.
1497 742 1554 781 et

436 827 442 836 ·
486 811 709 861 Hearnii
748 812 924 861 Oxou.
964 810 1030 859 B.
1069 809 1134 859 N.
1181 816 1235 859 et
1280 809 1339 859 C.
1407 808 1553 858 Nihil

485 897 663 948 muto;
718 886 811 937 sed
854 888 1052 936 revertit
1099 886 1299 948 accipio
1346 891 1552 948 tempus

486 964 799 1028 perfectum.
866 964 1070 1014 Passim
1101 963 1237 1011 enim
1261 961 1437 1012 Livius
1461 962 1552 1011 liu·

474 1040 565 1104 jus
591 1039 735 1089 verbi
761 1037 1051 1102 perfectum
1073 1046 1126 1088 et
1150 1037 1273 1087 inde
1290 1036 1556 1087 declinata

487 1116 591 1166 alia
627 1115 796 1166 forma
835 1116 1005 1166 activa
1045 1115 1257 1165 extulit.
1322 1115 1409 1164 lta
1452 1127 1556 1163 vn.

487 1197 569 1242 17.
616 1199 633 1222 ·
657 1192 853 1242 Praeda
890 1191 1091 1255 ingenti
1132 1200 1284 1255 parta
1327 1192 1556 1240 victores

488 1277 824 1319 reverterunt
844 1266 890 1319 :’
928 1268 1015 1317 nbi
1041 1268 1197 1316 etiam
1233 1267 1398 1317 codex
1424 1282 1556 1317 uuus

483 1351 805 1397 revertuntur.
841 1358 1003 1395 xxvr.
1025 1348 1107 1394 50.
1144 1345 1160 1373 ⁴
1190 1344 1339 1394 Intra
1364 1358 1556 1407 paucos

486 1423 600 1472 dies
621 1423 686 1472 ad
719 1422 1015 1486 Scipionem
1042 1422 1284 1471 revertit:
1303 1421 1318 1443 '
1352 1423 1435 1470 liic
1459 1423 1556 1472 cti·

485 1515 568 1551 am
609 1502 697 1550 alii
736 1497 1014 1550 revertitur.
1058 1514 1169 1550 xm.
1205 1503 1255 1550 6.
1287 1501 1303 1527 ‘
1328 1500 1433 1550 Per
1466 1514 1556 1549 eos

487 1579 599 1627 dies
635 1578 715 1626 Ti.
736 1578 1076 1640 Sempronius
1110 1576 1379 1626 Gracchus
1415 1584 1473 1625 et
1497 1577 1555 1627 1..

484 1654 785 1705 Postumius
810 1652 1030 1703 Albinus
1066 1668 1130 1702 ex
1169 1653 1429 1716 Hispania
1451 1654 1555 1726 Ito·

484 1746 622 1781 mam
637 1746 792 1795 quum
814 1730 1186 1781 revertissent?
1207 1744 1253 1781 c.
1273 1736 1351 1781 12.
1370 1737 1384 1759 ‘
1402 1731 1554 1780 Clau-

484 1808 600 1857 dius
623 1807 838 1857 duarum
863 1808 1091 1871 gentium
1112 1822 1214 1856 uno
1233 1823 1366 1857 anno
1386 1808 1557 1857 victor

485 1885 700 1935 Romam
727 1883 1008 1934 revertitz’
1046 1893 1099 1934 et
1117 1885 1238 1933 alibi
1264 1899 1425 1950 saepe.
1461 1885 1557 1934 So·

482 1962 568 2012 liti
603 1969 775 2011 autem
801 1959 1012 2011 fuerunt
1047 1962 1244 2011 librarii
1275 1962 1445 2010 verbis
1473 1975 1557 2011 ac-

483 2040 605 2089 tivis
633 2053 910 2104 perperam
948 2040 1367 2088 terminationem
1397 2039 1556 2103 passi·

483 2128 664 2165 vorum
689 2114 904 2165 addere.
937 2114 1075 2163 Vide
1101 2115 1165 2163 ad
1190 2128 1395 2172 xxxix.
1423 2117 1551 2180 22.§

483 2197 532 2242 8.
592 2190 657 2241 In
694 2192 862 2241 verbis
904 2192 1164 2256 praecedd.
1197 2193 1249 2241 in
1270 2193 1557 2242 dedicionem

479 2276 686 2332 recepto,
697 2270 853 2333 proin
868 2270 973 2319 ded.
985 2274 1195 2333 accepto,
1208 2280 1290 2319 est
1303 2272 1352 2320 in
1368 2271 1495 2319 Lov.
1507 2276 1534 2320 4
1544 2306 1558 2319 .

553 2344 959 2408 Triumphansque
979 2346 1187 2407 signum,
1214 2346 1459 2395 Proeneste
1475 2349 1555 2396 de·

479 2428 681 2487 vectum,
699 2422 839 2472 Jovis
856 2422 1170 2486 Imperatoris
1188 2425 1238 2473 in
1266 2424 1554 2488 Capitolium

481 2500 620 2562 tulit]
684 2501 1006 2564 Triumphum
1049 2510 1104 2550 et
1147 2504 1289 2551 duxit
1331 2503 1460 2551 Lov.
1506 2507 1553 2552 l.

485 2576 931 2641 Triumphantisque
940 2577 1147 2638 signum,
1169 2578 1256 2627 Pr.
1275 2579 1557 2640 demam-is

478 2650 735 2716 imperator
769 2654 821 2703 in
864 2655 1028 2718 Capit.
1069 2656 1229 2711 ditarit,
1269 2672 1297 2704 a
1341 2655 1552 2720 reliquis

467 2729 815 2805 ¹dissentiens,
835 2731 1048 2781 Leid.2.
1067 2741 1125 2781 ut
1140 2734 1344 2798 innuat,
1358 2734 1553 2786 Quinc-

480 2807 631 2871 tium,
652 2823 800 2872 quem
824 2810 1030 2859 nomine
1052 2813 1068 2837 ‘
1088 2811 1394 2874 imperator’
1418 2811 1553 2862 indi·

480 2892 584 2941 cat,
610 2885 879 2949 Praeneste
904 2888 1119 2937 Romam
1149 2890 1327 2937 tulisse
1350 2889 1550 2952 signum

477 2961 622 3012 Jovis
641 2976 742 3010 non
758 2964 1112 3026 cognominati
1134 2966 1149 2991 ‘
1171 2964 1553 3030 Imperatoris,'

463 3038 570 3105 ,sed
614 3038 630 3066 ‘
664 3039 1097 3102 Triumpliantis!
1167 3042 1356 3091 Verum
1402 3043 1549 3095 male.

476 3111 768 3177 vulgatum
793 3116 949 3178 enim,
985 3115 1122 3179 quod
1158 3119 1346 3182 reliqui
1371 3134 1548 3169 omnes

478 3190 631 3241 codd.
657 3190 966 3251 defendunt,
990 3193 1227 3243 firmatur
1251 3195 1407 3244 etiam
1446 3205 1549 3247 tes·

478 3269 699 3317 timonio
723 3269 804 3318 P.
829 3269 1079 3333 Victoris,
1102 3272 1189 3334 qui
1220 3272 1271 3320 in
1309 3273 1442 3322 libro
1482 3274 1548 3325 de

467 3338 703 3408 Region.
725 3345 857 3395 Urb.
882 3345 1061 3395 Romae
1090 3349 1140 3396 in
1168 3362 1275 3409 reg.
1295 3362 1418 3398 vur.
1440 3366 1547 3401 me·

477 3431 645 3471 morat
690 3429 705 3451 ‘
726 3423 941 3487 Signum
998 3423 1149 3476 Jovis
1203 3425 1546 3490 Imperatoris

476 3504 747 3554 Praeueste
772 3504 1077 3554 devectum.'
1146 3506 1192 3555 A
1220 3507 1367 3556 Livio
1393 3508 1443 3556 in
1470 3508 1547 3558 di·

465 3596 629 3651 xer-sa
649 3581 793 3631 abire
819 3581 1021 3631 videtur
1045 3582 1155 3632 Cic.
1172 3584 1255 3646 qui
1274 3583 1421 3634 Jovis
1438 3585 1546 3635 Im-

475 3659 732 3722 peratoris
744 3659 944 3722 signum
963 3658 1087 3706 illud
1108 3673 1208 3707 non
1226 3675 1255 3708 a
1271 3661 1334 3709 Τ.
1348 3661 1545 3713 Quinc-

477 3735 552 3784 tio
588 3734 901 3784 Cincinnato
944 3735 1240 3798 Praeneste,
1285 3737 1376 3786 sed
1417 3754 1448 3788 a
1482 3741 1545 3789 Τ.

478 3810 727 3861 Quinctio
771 3810 1063 3860 Flaminino
1114 3826 1178 3879 ως
1225 3813 1545 3865 Macedonia

473 3885 692 3935 Romam
738 3886 1038 3942 devectum,
1080 3896 1137 3937 et
1179 3888 1231 3936 iu
1282 3891 1542 3954 Capitolio

474 3963 696 4025 positum
722 3961 903 4024 fuisse,
929 3961 1088 4013 refert
1112 3965 1166 4013 in
1184 3966 1335 4015 Verr.
1362 3981 1438 4017 ιν.
1457 3973 1540 4019 58.

474 4044 488 4066 ·
514 4038 634 4086 Tria
680 4036 980 4089 ferebantur
1023 4040 1073 4088 in
1115 4041 1240 4090 orbe
1289 4050 1541 4095 terrarum

472 4114 621 4178 signa
639 4114 786 4164 Jovis
810 4116 1146 4177 Imperatoris
1161 4134 1263 4168 uno
1282 4121 1331 4169 in
1351 4136 1541 4187 genere

476 4192 817 4255 pulcherrime
857 4191 1031 4243 far-tax
1069 4208 1225 4253 unum
1263 4186 1389 4245 illud
1424 4199 1543 4249 Ma·

473 4267 798 4326 cedonicnm,
834 4268 970 4332 quod
1006 4268 1056 4316 in
1100 4270 1357 4334 Capitolio
1397 4258 1541 4323 vide·-

472 4359 585 4395 mus
607 4361 620 4394 :
658 4345 877 4396 alterum
900 4346 952 4395 in
973 4345 1135 4397 Ponti
1160 4363 1250 4398 ore
1274 4358 1328 4400 et
1352 4339 1538 4416 angus·

1177 433 1395 483 ⁸01·AE
1445 431 1854 482 VAnioRunt
1907 430 1989 479 IN

1628 576 1748 626 tiis:
1803 575 2021 627 tertium
2063 573 2202 639 quod
2254 572 2527 638 Syracusis
2568 577 2690 624 ante

1627 653 1851 702 Verrem
1895 658 2168 717 praetorem
2215 648 2332 703 fuit.
2397 649 2536 701 Illud
2577 652 2691 700 Fla·

1626 730 1849 782 mininus
1873 731 1946 779 ita
1969 744 2035 779 ex
2062 729 2175 779 aede
2197 743 2291 778 sua
2305 728 2538 790 sustulit,
2563 735 2623 792 ut
2642 729 2691 779 iu

1628 807 1910 869 Capitolio,
1929 807 2026 856 boc
2062 813 2167 868 est,
2193 807 2244 854 in
2269 806 2506 855 terrestri
2531 805 2691 855 domi·

1628 883 1748 933 cilio
1773 883 1942 944 Jovis,
1968 881 2221 946 poneret.’
2289 883 2573 933 Dissensus
2611 883 2691 932 liic

1629 960 1898 1010 Ciceronis
1922 974 1984 1008 ac
2010 959 2143 1009 Livii
2167 959 2302 1010 viros
2323 959 2512 1022 doctos
2537 961 2590 1009 in
2609 974 2691 1008 va·

1630 1039 1733 1086 rias
1757 1038 2025 1099 opiniones
2062 1037 2208 1087 abire
2240 1036 2435 1101 coegit.
2489 1036 2692 1100 Lipsius

1630 1116 1694 1164 ad
1722 1113 1878 1164 Plinii
1902 1114 2169 1178 Panegyr.
2187 1113 2400 1176 Trajani
2425 1119 2540 1163 αδ.
2562 1114 2695 1163 exis·

1632 1191 1805 1253 timat,
1842 1190 1896 1241 id
1936 1190 2136 1253 signnm
2178 1196 2192 1218 ‘
2215 1191 2275 1239 Τ.
2306 1189 2577 1253 Quinctiis
2606 1205 2694 1240 no-

1630 1268 1767 1318 mine
1791 1269 2094 1331 inscriptum
2118 1265 2276 1316 fuisse
2299 1273 2354 1317 et
2375 1267 2693 1329 dedicatum,

1631 1344 1766 1394 haud
1790 1344 1969 1393 addito
1998 1343 2322 1407 cognomine,
2354 1350 2517 1409 atque
2540 1345 2694 1394 alium

1632 1422 1734 1470 alio
1760 1421 2015 1479 traxisse3
2052 1421 2253 1472 Livium
2272 1426 2327 1469 et
2349 1420 2410 1471 P.
2426 1420 2695 1470 Victorem

1633 1498 1879 1554 retulisse
1898 1496 1963 1546 ad
1989 1496 2054 1545 T.
2079 1496 2381 1552 Quinctium
2420 1496 2697 1547 Cincinna-

1633 1582 1765 1636 tum,
1808 1574 2111 1626 Ciceronem
2157 1572 2224 1623 ad
2281 1574 2346 1623 Τ.
2394 1573 2694 1626 Quinctium

1632 1650 1998 1709 Flamininum.
2086 1649 2225 1699 Vide
2285 1650 2443 1699 etiam
2498 1649 2693 1714 Syllog.

1630 1729 1801 1791 Epist.
1844 1742 1974 1792 quas
2017 1726 2200 1778 Burin.
2242 1724 2428 1782 edidit,
2482 1732 2611 1776 tom.
2653 1740 2694 1776 ι.

1630 1807 1785 1869 epist.
1822 1818 2115 1857 ccccxxix.
2147 1811 2203 1855 et
2235 1816 2512 1856 ccccxxx.
2578 1803 2695 1856 Duo

1628 1883 1778 1934 Jovis
1800 1883 2141 1945 Imperatoris
2179 1883 2327 1945 signa
2354 1882 2408 1930 in
2432 1881 2695 1944 Capitolio

1628 1956 1811 2019 fui-sse,
1836 1961 2054 2012 alterum
2079 1974 2110 2009 a
2129 1960 2189 2009 Τ.
2209 1958 2454 2012 Quinctio
2491 1958 2698 2008 Cincin·

1616 2042 1755 2092 ¹nato
1778 2035 2079 2100 Praeneste,
2107 2036 2328 2087 alterum
2355 2051 2387 2084 a
2410 2035 2477 2084 Τ.
2500 2036 2699 2090 Quium,

1632 2113 1707 2163 tio
1739 2113 2024 2164 Flaminino
2057 2129 2123 2163 ex
2158 2113 2473 2164 Macedonia
2506 2114 2695 2165 devec-

1632 2197 1763 2252 tum,
1785 2192 1970 2244 statuit
1992 2192 2129 2244 Just.
2155 2191 2423 2256 Rycquius
2451 2192 2520 2242 de
2544 2191 2693 2255 Capi·

1632 2270 1723 2317 tol.
1765 2284 1810 2317 c.
1848 2272 1933 2319 24.
1971 2273 2029 2318 et
2064 2269 2307 2319 similiter
2342 2270 2505 2319 etiam
2545 2267 2695 2320 Alex.

1631 2345 1870 2394 Donatus
1895 2345 1962 2395 de
1982 2345 2128 2396 Urbe
2153 2346 2320 2395 Roma
2343 2360 2403 2398 u.
2426 2350 2478 2396 7.
2536 2345 2697 2396 Addit

1630 2429 1805 2481 antem
1831 2424 1996 2488 Rycq.
2031 2422 2150 2475 ideo
2186 2423 2399 2474 alterius
2436 2422 2694 2475 simulacri

1628 2501 1821 2550 nullam
1839 2502 2151 2551 mentionem
2168 2500 2355 2552 fecisse
2370 2502 2695 2561 Ciceronem,

1630 2576 1768 2641 quod
1797 2577 2183 2629 Praenestinum
2221 2579 2347 2628 illud
2381 2578 2576 2633 Graeco
2598 2580 2695 2630 isto

1626 2655 1780 2719 longe
1806 2657 1956 2706 vilius
1978 2655 2158 2707 fuerit.
2224 2658 2293 2707 Et
2313 2672 2440 2709 sane
2463 2658 2576 2712 Cic.
2599 2672 2692 2707 non

1627 2733 1942 2796 simpliciter
1977 2740 2232 2784 memorat
2253 2734 2270 2762 ⁴
2296 2734 2395 2784 tria
2427 2733 2582 2791 Jovis
2604 2737 2692 2785 im·

1628 2811 1902 2873 peratoris‚
1926 2825 2041 2875 qnae
2057 2811 2111 2860 in
2127 2810 2256 2861 orbe
2281 2811 2692 2882 ter-rarumfere·

1626 2885 1837 2949 bantur,
1873 2885 2061 2950 signa,'
2099 2887 2192 2949 sed
2233 2887 2454 2952 insuper
2476 2888 2493 2916 ‘
2518 2888 2691 2943 unojn

1626 2978 1818 3027 genere
1842 2965 2186 3029 pulcherrime
2203 2963 2384 3015 facta!
2423 2964 2693 3030 Interpul·

1626 3041 1882 3103 chet-rime
1921 3040 2064 3091 facta
2098 3041 2258 3105 igitur
2287 3043 2385 3091 hoc
2412 3041 2691 3092 Praenesti-

1627 3132 1746 3167 num
1773 3117 1960 3167 referri
1984 3133 2083 3177 non
2114 3118 2304 3183 potuit.
2362 3118 2609 3170 chistum
2638 3120 2688 3168 in

1626 3194 1887 3260 Antiquit.
1903 3196 2069 3247 Asiat.
2083 3196 2239 3247 docet
2251 3196 2509 3261 quosdam
2521 3196 2693 3259 fuisse,

1625 3272 1714 3335 qui
1755 3287 1850 3337 pro
1882 3274 2025 3323 Jove}
2062 3275 2376 3339 Imperatoris
2409 3275 2553 3339 apud
2587 3275 2692 3324 Cic.

1624 3347 1901 3411 legendum
1941 3358 2160 3401 censent
2190 3352 2330 3401 dosis
2357 3352 2690 3414 Imbria-iteris,

1625 3440 1742 3474 enm
1763 3427 1898 3476 enim
1923 3427 2168 3491 indicari,
2192 3429 2281 3493 qui
2305 3428 2520 3480 Graecis
2549 3430 2692 3493 οὔριος

1625 3512 1859 3552 vocatur.
1893 3504 2020 3568 Ipse
2042 3520 2189 3562 vero,
2204 3520 2358 3570 quum
2374 3506 2589 3571 Jupiter
2609 3506 2690 3556 hic

1622 3577 1791 3628 forma
1803 3580 1949 3643 pueri
1964 3578 2167 3630 effictus
2180 3581 2268 3639 sit,
2287 3582 2531 3645 conjicit,
2546 3583 2686 3632 Cice-

1608 3670 1801 3721 vronem
1819 3672 1912 3722 per
1925 3658 2289 3720 compendium
2307 3660 2586 3722 scripsisse
2601 3660 2689 3716 Jo-

1621 3733 1695 3782 ois
1718 3734 1842 3796 Imp.
1856 3749 1952 3798 pro
1974 3733 2251 3797 impuberis,
2275 3749 2342 3785 ex
2367 3751 2475 3800 quo
2500 3735 2685 3789 deinde

1619 3812 1903 3861 oscitantes
1918 3811 2119 3862 librarii
2133 3809 2360 3873 fecerint
2374 3813 2524 3861 Jovis
2536 3813 2686 3876 Impe-

1617 3889 1825 3936 ratoris.-
1862 3902 1979 3952 quae
2012 3888 2198 3937 iterum
2233 3890 2544 3952 conjectura
2568 3891 2687 3939 viris

1617 3965 1905 4030 doctis,qui
1923 3963 2056 4014 Acta
2076 3965 2283 4015 Erudit.
2299 3966 2494 4030 Lipsiae
2512 3966 2688 4029 edunt,

1617 4041 1887 4106 displicuit
1906 4044 1959 4092 in
1974 4056 2352 4094 amnccxxtx.
2365 4059 2418 4107 p.
2437 4049 2545 4095 146.
2563 4061 2686 4109 qno·

1617 4120 1775 4176 niam,
1806 4133 1986 4168 vocem
2016 4120 2270 4184 impuberis
2296 4122 2686 4185 compendiaria

1616 4194 1705 4245 illa
1729 4197 1989 4260 scriptura
2018 4198 2093 4247 sic
2118 4212 2421 4261 expressam
2445 4198 2572 4248 alibi
2596 4200 2684 4249 ob·

1617 4287 1827 4322 currere
1845 4275 1943 4323 sibi
1969 4275 2288 4338 persuadere
2311 4288 2574 4341 nequeant
2593 4294 2610 4337 ;
2632 4284 2688 4327 et

1618 4347 1819 4401 facilius
1843 4352 1912 4402 sit
1934 4352 2110 4403 literas
2131 4365 2258 4402 me.
2291 4367 2557 4420 exponere
2590 4353 2689 4417 Ius·
