2934 4925
482 390 659 459 '7864

490 564 721 603 vacuam.
772 549 924 601 (ἕνα.
1007 551 1120 601 Cur
1162 551 1392 603 clausula
1434 552 1549 603 bec

465 627 721 678 ‚Grutero
753 627 1033 693 displicere
1068 629 1315 692 potnerit,
1350 643 1453 678 non
1476 629 1548 678 vi-

489 705 609 761 deo,
640 705 738 755 nisi
774 704 913 756 forte
949 706 1038 756 illa
1073 720 1260 756 canssa
1293 707 1378 768 sit,
1413 706 1548 771 quod

487 779 550 828 rb
583 793 664 842 spe
701 794 821 830 mox
859 783 1204 846 praecesserit.
1281 781 1394 832 *Sed
1431 782 1550 833 vide

491 856 616 918 quid
654 856 723 906 ad
756 858 786 921 ξ
823 861 876 907 7.
912 857 1108 908 dictum
1143 858 1229 908 sit.
1318 858 1548 908 Nimium

490 932 778 983 Gruterum
809 932 968 985 fuisse
996 935 1048 984 in
1083 935 1442 999 expungendis
1466 936 1550 986 Li-

487 1002 560 1059 ‘vii
583 1010 776 1073 verbis,
807 1026 921 1076 quae
960 1024 1054 1076 pro
1090 1011 1270 1075 glossis
1302 1012 1559 1070 babebat,

489 1086 783 1138 videbimus
819 1088 891 1137 ad
927 1100 1096 1139 xxm.
1129 1092 1209 1138 31.
1243 1089 1272 1153 ς
1304 1093 1383 1138 15.
1415 1089 1551 1139 Data

483 1178 593 1227 spes
633 1170 706 1214 est
752 1165 884 1222 υἱέα,
929 1165 1168 1227 trajectis
1203 1164 1551 1225 dictionibus,

491 1241 620 1290 Lov.
639 1248 690 1291 5.
739 1242 868 1291 Mox
877 1239 1065 1301 jactari
1081 1242 1257 1305 passim
1278 1257 1428 1305 arma,
1454 1257 1550 1307 pro

472 1318 670 1380 jactare
707 1334 760 1383 p.
800 1333 924 1371 nnn.
964 1320 1108 1371 Leid.
1154 1324 1200 1369 1.
1239 1322 1368 1374 Lov.
1407 1325 1459 1372 3.
1496 1328 1552 1371 et

488 1393 677 1457 fragm.
703 1395 839 1446 Hav.

559 1473 699 1529 Quod
732 1472 887 1522 tutius
913 1472 1121 1534 fortuna
1144 1473 1355 1537 fecerat]
1413 1474 1552 1531 Quod

486 1546 775 1609 §tamesin-t.
788 1548 894 1609 fac.
918 1558 1163 1613 corrupte
1186 1549 1336 1599 Leid.
1361 1552 1406 1599 1.
1439 1553 1551 1614 quia

487 1626 563 1675 ita
576 1640 652 1675 res
662 1626 1056 1686 fortunusnoeret
1075 1627 1207 1677 lmud
1225 1628 1407 1677 melius
1426 1628 1554 1677 Lov.

485 1707 540 1753 2.
574 1704 767 1763 faceret
787 1703 945 1755 etiam
970 1704 1108 1754 Hav.
1129 1710 1183 1754 et
1204 1702 1387 1766 fragm.
1413 1706 1573 1760 Ham,

555 1783 659 1846 §10
673 1781 860 1845 Magna
874 1784 1127 1832 multitudo
1142 1782 1195 1831 in
1213 1783 1456 1832 custodias
1477 1784 1550 1832 di·

485 1857 615 1921 oisc]
650 1859 772 1909 Vet.
797 1861 884 1910 lib.
903 1861 1117 1910 dimissa.
1138 1861 1314 1924 Sigon.
1377 1861 1550 1911 Prave

489 1937 799 2000 Si'goniauus
814 1938 1031 1989 dimissa.
1066 1938 1177 1989 Cic.
1194 1937 1261 1988 de
1279 1940 1429 1988 sociis
1449 1941 1549 1989 Ca·

488 2015 652 2064 tilium
670 2016 820 2066 Orat.
838 2029 915 2064 lv.
936 2020 987 2067 4.
1009 2017 1026 2045 ‘
1044 2016 1234 2080 Itaque
1254 2017 1550 2080 mtruicipiis

486 2091 754 2156 dispertiri
769 2090 961 2156 jubet.’
1025 2094 1307 2143 Suetonius
1337 2094 1369 2144 J
1379 2094 1479 2143 ulio
1501 2107 1550 2143 c.

491 2172 569 2217 14.
620 2170 802 2219 ‘Solus
845 2170 1197 2234 municipatim
1243 2170 1550 2220 dividendos

487 2243 959 2310 custodiendosque
977 2246 1254 2307 publicatis
1270 2245 1413 2295 bonis
1429 2261 1549 2295 cen·

488 2320 629 2369 suit!
671 2320 911 2371 Justiuus
956 2331 1075 2370 xiv.
1118 2326 1167 2371 4.
1202 2321 1403 2384 ‘Igitur
1441 2323 1548 2372 An-

487 2394 693 2458 tigonus
713 2395 996 2448 domitores
1029 2396 1143 2446 illos
1176 2398 1317 2447 orbis
1351 2402 1550 2450 exerci-

489 2472 567 2521 tui
591 2487 682 2523 suo
698 2473 944 2525 dividitz'
968 2489 1034 2523 ne
1058 2475 1259 2525 scilicet
1285 2479 1548 2539 propriam

461 2562 466 2567 ·
487 2562 552 2598 ac
573 2550 826 2600 sinceram
848 2551 1113 2601 cohortem
1148 2561 1237 2602 aut
1260 2555 1547 2603 centuriam

484 2626 758 2678 haberent.
804 2630 860 2677 J.
903 2629 959 2679 F.
1001 2628 1184 2679 Gran..
1220 2629 1282 2678 In
1314 2633 1550 2682 custodias

479 2704 656 2760 divisa,
674 2705 807 2769 quod
826 2712 971 2755 recte
988 2706 1281 2756 Gronovius
1302 2709 1548 2758 adversus

481 2781 751 2845 Sigonium
808 2782 1058 2840 vindicat,
1102 2793 1314 2835 servant
1368 2800 1546 2836 omnes

485 2858 640 2908 codd.
683 2861 864 2916 nostri,
911 2858 995 2910 bic
1045 2862 1347 2924 integriores
1392 2860 1547 2928 quam

486 2940 589 2984 vet.
612 2935 700 2985 lib.
721 2936 935 3001 Sigonii,
974 2952 1076 2987 uno
1098 2946 1322 3001 excepto
1347 2939 1474 2988 Lov.
1498 2946 1546 2990 5.

483 3012 573 3076 qui
597 3011 764 3061 eidem
783 3013 1030 3064 concinit.
1097 3012 1249 3064 Infra
1272 3024 1440 3064 xxm.
1463 3020 1547 3066 34.

420 3128 425 3132 .
483 3096 500 3120 ‘
523 3088 598 3136 Ut
632 3088 684 3137 in
717 3103 893 3138 omnes
930 3104 1087 3139 naves
1118 3090 1313 3153 legatos
1337 3106 1546 3156 separa-

481 3163 579 3214 tim
623 3167 990 3216 custodiendos
1031 3167 1329 3217 divideret?
1382 3182 1547 3221 xxiv.

482 3242 565 3288 19.
602 3239 1031 3305 ‘oppidanorum
1070 3244 1225 3292 turba
1256 3259 1350 3306 per
1386 3245 1543 3295 finiti-

480 3330 591 3365 mos
635 3319 853 3381 populos
904 3319 958 3368 iu
1013 3320 1304 3370 custodiam
1349 3321 1549 3372 divisa.’

481 3405 643 3443 xun.
668 3398 751 3444 19.
775 3394 791 3421 ‘
810 3394 1055 3446 Romanis
1077 3396 1128 3444 in
1154 3397 1440 3447 custodiam
1472 3401 1547 3449 ci-

482 3469 720 3521 vitatium
758 3472 935 3522 divisis
972 3472 1026 3522 iu
1058 3473 1359 3524 Penestiam
1395 3491 1545 3526 exer·

480 3549 640 3598 citum
683 3548 924 3600 reducit.'
992 3548 1133 3600 Alibi
1189 3566 1331 3615 saepe
1385 3556 1544 3604 verba

476 3624 786 3675 ‘dividere’
825 3622 942 3676 et'‘
969 3627 1270 3677 dimittere'
1315 3630 1365 3678 in
1413 3632 1542 3683 Mss.

480 3704 784 3752 commutari
824 3704 1011 3753 solent.
1068 3705 1196 3754 Vide
1222 3705 1285 3754 ad
1314 3698 1542 3757 xxxv'n.

476 3782 562 3829 45.
586 3780 613 3844 §
639 3783 717 3828 19.
773 3782 1048 3845 Doujatius
1082 3782 1309 3846 quidem,
1341 3784 1541 3834 Grono-

475 3855 562 3903 vio
603 3857 924 3921 adsentiens,
964 3860 1120 3908 divisa
1165 3861 1317 3925 longe
1360 3863 1542 3910 melius

477 3945 596 3981 esse
628 3934 853 3995 judicat.
908 3948 1060 4000 quam
1123 3939 1260 4001 quod
1299 3934 1543 4000 Sigonius

475 4006 685 4070 ingeri-t,
709 4011 922 4060 dimissa.
956 4012 1171 4062 Addens
1196 4022 1370 4063 tamen
1393 4021 1408 4043 ‘
1424 4030 1541 4065 cns-

476 4082 645 4133 todias
683 4087 779 4134 hoc
828 4086 976 4137 loco'
1022 4103 1139 4138 esse
1197 4104 1434 4140 carceres
1487 4092 1538 4140 in

475 4159 842 4225 ‘municipiiS,’
875 4179 975 4228 quo
1020 4166 1218 4229 captivi
1260 4167 1542 4217 mittuntur

1151 408 1392 459 ‘NOTAE
1440 405 1844 458 VARIORUM
1895 407 1977 456 ΙΝ

1605 552 1798 616 plures
1828 556 2025 616 essent,
2067 564 2161 615 per
2198 548 2479 614 municipia
2510 554 2681 598 custo·

1622 628 1802 679 diendi
1820 627 2207 677 dividebantur.
2273 625 2412 675 Vide
2435 628 2600 676 Corte
2616 625 2680 673 ad

1620 705 1746 756 Sall.
1769 706 1886 755 Cat.
1909 719 1959 755 c.
1982 708 2065 754 51.
2086 707 2115 769 §
2136 708 2221 753 43.
2251 709 2308 751 et
2328 717 2457 767 quos
2479 703 2553 752 ibi
2577 701 2682 751 lau·

1623 779 1786 830 davit.
1850 782 2044 829 Verum
2068 794 2303 845 quoenam
2323 779 2421 828 hoc
2450 785 2684 844 tempore

1623 857 1907 921 municipia
1960 856 2196 906 Romana
2248 862 2417 911 eraut,
2464 868 2682 918 quorum

1624 934 1876 984 custodiis
1927 933 2064 983 belin
2109 931 2252 997 capti
2298 930 2685 980 crederentur?

1625 1009 1709 1060 An
1740 1025 1843 1061 non
1877 1011 2047 1061 verius
2074 1016 2174 1074 est,
2206 1008 2430 1072 intelligi
2457 1007 2685 1057 custodi·

1624 1088 1785 1137 endos
1829 1087 1978 1138 datos
2020 1101 2138 1138 esse
2189 1085 2484 1136 militibus?
2548 1086 2685 1135 Talis

1621 1180 1827 1217 reorum
1862 1162 2112 1216 custo'dioe
2147 1164 2380 1214 meminit
2410 1164 2505 1213 lex
2550 1168 2598 1213 1.
2628 1161 2685 1215 ff.

1624 1242 1692 1292 de
1715 1243 1863 1293 Cust.
1901 1251 1958 1294 et
1991 1241 2180 1293 Exhib.
2218 1240 2381 1290 Reor.
2415 1241 2540 1291 ‘De
2573 1255 2684 1293 eus-

1625 1320 1770 1370 todia
1804 1334 2007 1369 reorum
2028 1318 2302 1383 proconsul
2325 1318 2590 1366 aestimare
2607 1331 2686 1367 so-

1624 1394 1716 1453 let,
1738 1403 1908 1446 utrum
1931 1396 1984 1445 in
2004 1407 2268 1445 carcerem
2292 1393 2598 1457 recipienda
2619 1394 2686 1442 sit

1625 1486 1867 1537 persona,
1889 1487 1956 1522 an
1977 1472 2131 1521 militi
2153 1469 2426 1533 tradenda,
2454 1470 2541 1520 vel
2562 1470 2686 1519 fide·

1615 1548 1904 1612 jussoribus
1926 1546 2316 1608 committenda,
2337 1548 2419 1594 vel
2442 1547 2600 1595 etiam
2616 1546 2686 1595 si·

1626 1625 1676 1673 bi
1694 1640 1710 1674 z
1728 1624 1742 1646 ’
1777 1624 1866 1675 ubi
1892 1625 1999 1674 vid.
2021 1624 2179 1688 Dion.
2200 1621 2446 1676 Gothofr.
2466 1630 2529 1689 με,
2547 1623 2687 1672 Bris-

1624 1717 1734 1752 son.
1754 1702 1820 1752 de
1835 1704 2065 1754 Vei-bor.¹
2082 1702 2146 1754 ad
2168 1704 2265 1754 Jus
2285 1693 2689 1767 Pertin.Signif.

1625 1794 1753 1829 voce
1803 1786 1818 1810 ⁸
1836 1780 2092 1832 Custodia
2145 1778 2420 1831 militaris!
2472 1781 2574 1829 -Ita
2614 1783 2684 1831 D.

1624 1857 1856 1918 Paullus,
1874 1873 2030 1923 quum
2048 1861 2115 1907 ex
2131 1857 2168 1910 J
2170 1858 2321 1908 udaea
2332 1859 2548 1909 Romam
2564 1860 2687 1921 cap'-

1624 1935 1759 1983 tivus
1784 1935 2041 1986 deductus
2058 1933 2266 1997 fuisset,
2286 1936 2438 1984 militi
2460 1935 2688 1986 custodi·
2789 1979 2797 1988 .

1623 2011 1788 2061 endns
1813 2013 1965 2063 datus
1988 2021 2088 2063 est.
2143 2014 2219 2081 D..
2242 2014 2411 2061 Lucas
2435 2012 2486 2059 iu
2505 2012 2686 2063 Actib.

1624 2087 1814 2151 Apost.
1838 2104 1886 2139 c.
1910 2102 2119 2139 xxvm.
2142 2104 2215 2138 vs.
2232 2093 2312 2137 16.
2323 2085 2446 2137 ‘Ore
2464 2086 2519 2137 δὲ
2541 2088 2685 2146 ἤλθο-

1622 2182 1710 2225 μεν
1732 2163 1798 2215 εἷς
1816 2164 2012 2228 Ῥώμην,
2034 2166 2061 2213 ὁ
2082 2162 2432 2229 ἑκατόνταρχος
2446 2163 2686 2227 παρέδωκε

1622 2241 1736 2292 τοὺς
1763 2243 1972 2303 δεσμίους
1999 2245 2070 2305 τῷ
2101 2242 2512 2307 στρατοπεδάρχῃ·
2540 2244 2612 2304 τῷ
2637 2242 2689 2292 δὲ

1623 2318 1832 2382 Παύλλῳ
1875 2319 2115 2384 ἐπετράπη
2162 2319 2319 2381 μένειν
2361 2319 2465 2368 καθ’
2522 2318 2690 2369 ἑαυτὸν

1624 2394 1714 2445 σὺν
1757 2397 1830 2459 τῷ·
1874 2395 2174 2460 φυλάσσοντι
2217 2394 2364 2445 αὐτὸν
2400 2395 2693 2460 στρατιώτῃ.

1624 2474 1759 2523 Vide
1781 2474 1952 2524 Wolfii
1986 2489 2137 2524 curas
2177 2473 2436 2535 Philolog.
2473 2473 2540 2521 ad
2571 2487 2691 2523 enm

1623 2552 1810 2609 locum,
1844 2559 1901 2602 et
1936 2566 2157 2617 quorum
2185 2552 2255 2600 ibi
2279 2551 2533 2602 meminit.
2603 2551 2693 2601 In-

1625 2644 1784 2692 super
1828 2629 1953 2678 nihil
1986 2627 2279 2687 adtinebat,
2319 2627 2563 2690 captivos
2598 2641 2691 2690 per

1620 2707 1903 2770 municipia
1926 2708 1977 2755 in
2007 2707 2274 2756 custodias
2298 2721 2328 2754 a
2351 2706 2579 2756 Camillo
2611 2706 2690 2756 di-

1626 2783 1752 2847 vidi,
1772 2784 1932 2848 quum
1969 2798 2089 2832 mox
2121 2783 2299 2833 Sutrio
2340 2793 2562 2847 recepto
2587 2784 2689 2833 Ro·

1623 2875 1758 2911 mam
1802 2862 2123 2924 triumphans
2161 2861 2397 2922 redierit,
2436 2868 2497 2910 et
2540 2862 2691 2924 longe

1625 2939 1869 3001 plurimos
1906 2940 2139 3002 captivos
2184 2952 2249 2986 ex
2293 2937 2528 2987 Etruscis
2574 2943 2691 2987 ante

1625 3029 1832 3065 currum
1877 3016 2109 3075 duxerit,
2163 3028 2290 3080 quos
2345 3014 2539 3062 deinde
2596 3015 2690 3064 snb

1623 3092 1773 3142 hasta
1793 3107 1980 3142 venum
2014 3090 2179 3147 dedic
2205 3097 2263 3139 ut
2288 3105 2334 3139 c.
2360 3094 2410 3140 4.
2431 3099 2691 3141 narratur.

1694 3170 1934 3233 Oppidum
1948 3173 2060 3218 ante
2075 3173 2255 3217 noctem
2267 3167 2535 3231 redditum]
2561 3169 2692 3218 Red-

1623 3244 1757 3294 ditnr
1783 3245 1931 3295 Voss.
1957 3249 2000 3294 1.
2024 3244 2170 3293 Leid.
2189 3247 2239 3293 2.
2256 3244 2383 3293 Lov-
2400 3249 2448 3295 l.
2469 3249 2519 3293 5.
2540 3244 2690 3294 Harl.

1623 3326 1672 3370 2.
1698 3322 1848 3372 Port.
1881 3329 1937 3371 et
1960 3321 2098 3371 HaV.
2500 3358 2513 3369 .

1690 3399 1818 3454 Quia
1838 3414 1932 3448 non
1948 3400 2000 3448 υἱ
2016 3403 2221 3462 captans,
2248 3401 2331 3449 sed
2351 3398 2592 3449 traditum
2610 3415 2693 3464 per

1622 3476 1911 3526 conditiones
1919 3475 2113 3539 suerat]
2151 3479 2291 3533 Quod
2311 3492 2407 3527 noa
2427 3478 2481 3526 vi
2498 3484 2693 3541 coptum

1622 3553 1761 3603 HaV.
1810 3553 1944 3603 Quae
1994 3552 2234 3603 lectionis
2288 3553 2516 3603 varietas
2572 3555 2694 3603 inde

1621 3637 1743 3677 nata
1775 3636 1883 3690 est,
1904 3627 2041 3692 qnod
2064 3636 2229 3678 notas
2255 3628 2474 3693 adfines,
2499 3632 2691 3695 quibus

1622 3720 1773 3755 voces
1817 3707 1935 3768 quin¹
1970 3712 2027 3755 et
2065 3709 2188 3769 quod
2221 3706 2543 3770 scribuntur,
2589 3712 2690 3758 tion

1621 3791 1764 3832 recte
1798 3783 2128 3833 distinxerint
2164 3783 2379 3833 librarii.
2445 3785 2589 3835 Vide
2622 3788 2688 3835 ad

1619 3873 1869 3911 xxx-vm.
1895 3866 1975 3910 36.
1993 3864 2026 3926 ς
2044 3865 2091 3910 4.
2125 3862 2368 3911 Ceterum
2396 3863 2476 3911 vir
2499 3863 2689 3913 doctus

1619 3939 1684 3986 ad
1730 3954 1873 3988 oram
1908 3939 1992 3988 ed.
2032 3940 2286 3989 Curionis.
2318 3941 2690 4006 adscripscrat,

1616 4015 1783 4072 aliud,
1820 4030 1974 4080 quam
2009 4016 2107 4065 boc
2161 4016 2277 4064 loco
2322 4015 2576 4079 refertur,
2622 4034 2690 4068 ex

1617 4093 2038 4154 praecedentibus
2056 4091 2231 4155 colligi
2249 4105 2419 4155 posse.
2444 4091 2552 4141 Sed
2566 4105 2688 4141 eum

1616 4169 1978 4232 praecedentia
2001 4183 2102 4219 non
2124 4168 2251 4217 satis
2271 4169 2488 4218 adtente
2513 4171 2690 4232 perle-

475 4238 697 4300 sparslm
734 4241 1093 4305 custodiendi,·
1114 4245 1288 4306 lapsus
1314 4244 1540 4295 videtur.
1596 4247 1750 4309 ¹gissa
1775 4245 2028 4309 adparet.'
2084 4246 2308 4295 Dixerat
2327 4247 2467 4294 enim
2490 4245 2693 4303 Livius,

466 4314 609 4366 Sane
645 4318 934 4382 posteriore
976 4326 1211 4395 tempore
1247 4321 1460 4384 captivi,
1495 4322 1538 4372 si

1616 4329 1630 4351 ‘
1651 4336 1745 4386 per
1767 4322 2067 4385 pactionem
2090 4322 2231 4372 urbe·
2256 4321 2507 4382 hostibus'
2524 4321 2688 4372 tradi·
