2934 4925
4 744 13 799 ⁴-—
4 610 13 675 ἦ-

749 381 819 428 ι·.
866 379 1055 430 mvn
1084 377 1301 428 -ms'n
1349 379 1492 428 un.
1539 379 1610 430 v.
1654 379 1822 431 οΑΡ..
1865 364 1974 432 26.

2277 369 2457 436 :7653

245 535 387 586 nus?
422 548 605 600 quum,
638 539 779 586 teste
815 535 948 587 AElio
990 535 1147 587 Gailo
1180 523 1321 599 apud
1394 524 1470 573 *Μ
1512 523 1807 575 mmmm
1839 526 1992 590 pleb-‘⁸
2026 540 2203 590 magna
2231 541 2296 577 ex
2324 533 2463 592 parre

254 614 486 675 Festum,
508 613 627 662 ioco
650 627 803 678 quem
826 612 942 676 ips'e
965 612 1220 672 laudavit,
1242 626 1322 661 ro·
1396 600 1560 650 ‘fldem
1578 601 1760 661 '‘fect‘'
1776 602 1910 652 Lov-
1932 607 1986 652 4-

254 689 393 752 gatio
411 702 517 738 non
558 695 738 753 potest
760 703 859 737 non
882 703 995 738 esse
1017 689 1122 749 lex,
1155 689 1196 736 si
1218 701 1324 737 mo-

1463 677 1600 728 CAP.
1623 681 1836 743 xxv1.§
1862 682 1887 727 1
1924 679 2132 743 Propter
2161 680 2284 730 bella
2313 679 2461 730 simu-

258 766 323 814 do
336 765 502 830 justis
527 766 756 816 comitiis
774 771 956 829 rogata
977 775 1076 815 est.
1133 764 1324 829 Major-i
1396 752 1562 803 Mum&
1595 754 1761 818 vorari
1802 755 1991 819 ducem]
2023 756 2326 806 Penultima
2363 770 2464 806 vox

247 842 370 906 jure
392 842 581 892 mirum
607 843 773 892 videri
793 843 1068 905 potuisset,
1087 843 1104 871 ‘
1122 840 1327 905 legem’

1400 830 1587 880 deest
1573 846 1627 885 ιιι
1649 831 1804 879 Voss·
1823 836 1876 881 2.
1931 832 2119 882 Ducem
2142 832 2326 895 parari,
2358 839 2464 882 tra·

259 919 452 984 vocari,
477 920 619 982 quod
658 919 869 984 proprie
903 925 1015 968 erat
1048 907 1327 983 ‘plebisei·
1391 907 1550 971 ,ἰθθῑῑδ
1570 908 2044 993 V⁰c¹b¹¹821³¹⁸aef9ft
2067 909 2215 959 Port.
2236 923 2267 957 8
2287 924 2354 958 m·
2379 924 2461 973 pr·

257 998 381 1044 tum.
381 993 398 1015 ’
451 994 650 1044 Verum
671 995 773 1045 huc
796 994 998 1045 faciunt
1019 995 1180 1044 verba
1203 995 1327 1045 Gel-

257 1069 330 1124 lii,
354 1068 467 1133 qni,
498 1084 658 1135 quum
698 1071 806 1120 late
842 1071 1128 1132 docuisset,
1152 1085 1327 1134 quem-

263 1147 540 1197 admodum
579 1148 834 1198 vocabula
866 1146 1137 1210 ‘rogatio‚'
1172 1146 1329 1211 ‘lex‚'

270 1219 680 1289 ‘'plebiscitum,'
713 1232 768 1274 et
799 1223 1196 1289 ‘privilegium’
1231 1224 1328 1274 dif-

254 1298 482 1357 feri‘ent,
518 1302 555 1350 1.
589 1314 646 1351 x.
679 1313 727 1351 c.
771 1306 856 1352 20.
892 1301 1104 1352 tandem
1138 1301 1325 1351 addit.

265 1374 281 1405 ⁴
298 1378 630 1442 Quamquam
660 1378 774 1427 haec
798 1379 874 1428 ita
895 1386 1035 1440 sunt,
1059 1380 1112 1428 in
1136 1379 1328 1428 veteri-

262 1453 357 1503 bus
385 1461 566 1503 tamen
590 1455 803 1517 scriptis
838 1470 939 1504 non
970 1469 1214 1518 maguam
1239 1469 1329 1504 vo-

265 1531 559 1579 cabulorum
594 1531 798 1580 illorum
822 1529 1172 1580 differentiam
1213 1544 1330 1579 esse

266 1605 746 1667 animadvertimus.
811 1608 952 1657 Nam
973 1613 1028 1657 et
1054 1608 1336 1670 plebiscita

268 1691 321 1732 et
341 1684 626 1747 privilegia
661 1686 912 1735 translato
942 1687 1150 1734 nomine
1190 1686 1332 1748 leges

268 1758 688 1824 adpellaverunt,
711 1762 996 1826 eademque
1019 1763 1190 1811 omnia
1210 1775 1332 1810 con·

268 1835 381 1886 fuso
416 1843 474 1887 et
513 1838 821 1889 indistincto
859 1839 1107 1890 vocabulo
1143 1838 1334 1903 rogati-

270 1926 390 1964 ones
413 1912 700 1962 dixerunt-³

332 1989 396 2038 In
418 2005 602 2040 annum
623 1993 803 2040 eosdem
825 1990 1069 2058 reficiunt]
1103 1992 1229 2041 Vet.
1247 1990 1338 2041 lib.

266 2065 319 2114 iu
361 2081 471 2115 eum
506 2081 685 2116 annum
721 2069 919 2117 eosdem.
955 2069 1136 2132 Sigon.
1210 2067 1335 2117 Vet-

263 2141 353 2191 lib.
378 2141 582 2206 Sigonii
615 2142 801 2193 favent
841 2145 985 2194 Port.
1025 2145 1246 2194 Gaertu.
1282 2149 1339 2193 et

264 2218 407 2270 Hav.
472 2219 728 2269 Eamdem
754 2222 917 2270 etiam
940 2223 1216 2270 lectionem
1256 2221 1335 2270 Si-

243 2294 452 2371 ‹gonius‘
506 2295 559 2343 in
605 2303 910 2346 contextum
961 2297 1196 2360 recepit3
1245 2297 1336 2346 sed

267 2377 418 2419 reete
458 2371 592 2419 nuni
631 2372 982 2422 recentiorum
1007 2373 1264 2422 editorum
1287 2373 1337 2422 ei

265 2446 408 2496 dicto
433 2447 712 2499 audientes
745 2446 997 2506 fuerunt„
1044 2449 1163 2501 Quo
1201 2450 1337 2498 enim

264 2520 611 2574 referendum
654 2538 935 2588 pronomen
982 2539 1085 2573 eum
1103 2521 1129 2575 :²
1194 2525 1340 2573 Prae-

262 2608 505 2650 cesserat
530 2599 764 2664 proxime
797 2602 813 2629 ‘
832 2599 1038 2650 extrahi
1063 2615 1169 2649 rem
1189 2616 1253 2648 ex
1276 2614 1339 2649 eo

261 2674 457 2730 anno:’
494 2690 623 2739 ergo
646 2673 786 2725 foret
816 2676 869 2724 in
897 2691 1014 2725 enm
1039 2690 1245 2733 annum,
1273 2689 1339 2723 ex

262 2766 368 2817 quo
392 2766 510 2802 rem
536 2752 743 2802 extrahi
767 2751 1044 2812 viderunt3
1067 2749 1204 2815 qnod
1225 2747 1337 2799 fieri

260 2829 474 2894 nequit.
560 2825 764 2878 Passim
804 2831 980 2878 autem
1013 2831 1028 2856 ‘
1053 2829 1106 2877 in
1150 2843 1339 2877 annum

262 2904 540 2963 reficere,’
558 2908 574 2933 ⁶
594 2904 915 2969 prorogare,'
947 2904 964 2933 ‘
981 2905 1199 2961 creare?
1221 2905 1340 2954 ‘dif-

263 2983 414 3036 ferre
435 2982 458 3036 ',
475 2983 631 3033 Livio
664 2991 928 3047 ponuntur
950 2999 1044 3048 pro
1067 2984 1118 3032 in
1151 2998 1339 3033 annum

264 3061 592 3125 proximum.
628 3059 798 3124 Supra
816 3074 894 3109 tv.
917 3066 998 3110 55.
1019 3065 1034 3090 ‘
1053 3062 1205 3111 Neve
1229 3061 1341 3125 quis

266 3136 584 3187 reficeretur
602 3133 657 3183 in
676 3149 863 3184 aunum
877 3135 1111 3185 tribunus
1129 3137 1323 3200 plebis:

266 3211 356 3262 ubi
379 3212 521 3261 male
546 3212 704 3260 etiam
731 3219 839 3259 vet.
862 3211 953 3261 lib.
974 3212 1192 3276 Sigonii,
1211 3221 1268 3263 ut
1287 3221 1345 3263 et

268 3287 429 3352 pauci
476 3302 549 3337 ex
587 3288 718 3336 meis
769 3289 823 3336 in
865 3304 1039 3337 antium
1075 3295 1343 3352 sequentem

267 3363 592 3429 praeferunt.
659 3364 761 3414 Sed
784 3364 900 3413 vide
924 3380 1040 3429 quae
1062 3365 1133 3413 ibi
1157 3374 1343 3415 notan-

248 3446 374 3506 ·tur.
446 3440 703 3490 Ceterum
740 3455 893 3489 voces
927 3441 982 3489 in
1025 3456 1199 3491 annum
1241 3458 1341 3492 eos·

269 3519 392 3581 dem,
417 3520 507 3581 qo.
530 3518 590 3565 de
610 3516 997 3566 intercessoribus
1012 3518 1134 3579 legis
1154 3517 1344 3568 desunt

269 3594 324 3643 in
347 3595 482 3644 ιον.
509 3598 562 3643 3.
584 3593 668 3642 cui
692 3592 857 3643 errori
882 3593 1088 3642 videtur
1113 3596 1342 3644 occasio·

271 3684 390 3720 nem
416 3669 635 3719 dedisse
657 3658 906 3733 repetitio
931 3670 1071 3719 vocis
1088 3671 1225 3734 legis.

338 3747 410 3796 Et
435 3746 620 3796 Patres
641 3745 726 3793 hoc
746 3744 940 3794 idemde
962 3744 1347 3795 intercessor’ibus

272 3821 394 3886 'legis
414 3822 604 3884 adnisi]
641 3821 746 3871 Hic
765 3821 891 3871 idem
913 3821 1048 3871 Hav.
1075 3822 1163 3888 qui
1189 3822 1346 3872 etiam

272 3903 390 3950 'cum
415 3900 549 3949 LoV.
569 3902 622 3948 4.
640 3898 791 3947 Port.
815 3903 870 3947 et
897 3896 1114 3947 Gaertn.
1131 3897 1349 3963 praefert

273 3975 464 4025 annixi.
497 3973 605 4024 Sed
630 3974 785 4022 male.
816 3972 951 4022 Vide
973 3972 1037 4023 ad
1061 3987 1124 4025 11.
1146 3978 1227 4024 50.
1252 3976 1347 4039 §9-

273 4047 407 4101 Mox
427 4064 610 4113 magna
632 4064 696 4098 ex
713 4053 852 4111 parte
873 4047 997 4097 idem
1015 4050 1186 4109 refecti
1208 4049 1346 4100 Flor.

276 4130 424 4179 Voss.
447 4133 498 4179 1.
523 4126 676 4178 Leid.
705 4125 873 4188 ambo,
908 4126 1037 4175 Lov.
1073 4131 1121 4175 1.
1149 4133 1200 4177 2.
1225 4131 1272 4176 3.
1296 4134 1351 4177 et

275 4203 462 4270 fragm.
495 4203 641 4254 Hav.
706 4203 844 4253 Vide
879 4201 943 4252 ad
980 4214 1072 4251 xl,-
1105 4207 1188 4253 22.
1218 4206 1350 4269 §14-

281 4282 467 4346 Magna
488 4295 557 4333 ex
572 4285 716 4346 parte
743 4273 944 4330 hiisdem
962 4279 1131 4340 refecti
1152 4281 1280 4332 Lov.
1300 4284 1350 4328 5.

1403 983 1587 1033 Paulio
1622 993 1743 1033 aute
1765 1000 1948 1035 mma
1968 986 2054 1049 ope
2077 985 2274 1047 euicere,
2308 999 2403 1049 pro
2425 1001 2467 1035 s.

1402 1077 1489 1126 ope
1508 1062 1769 1117 evicerat.
1800 1062 1955 1112 Harl.
1987 1067 2037 1112 1.
2082 1063 2299 1112 viem
2322 1064 2463 1112 Flor.

1404 1143 1565 1193 Male.
1594 1144 1765 1206 Supra
1783 1157 1874 1193 ιιι.
1888 1146 1971 1192 41.
1990 1143 2008 1173 ⁸
2030 1142 2092 1191 Iu
2110 1142 2242 1191 haue
2258 1148 2466 1191 senten·

1404 1221 1531 1285 tiam
1576 1228 1634 1270 ut
1679 1219 2061 1278 discederetur,
2087 1219 2322 1281 juniores
2363 1218 2469 1266 Pa·

1405 1302 1539 1347 trum
1563 1296 1909 1346 evincebant·
1929 1294 2051 1343 ’ubi
2078 1294 2231 1357 vide;
2252 1299 2312 1342 nt
2329 1299 2381 1343 et
2399 1293 2467 1343 ad

1405 1387 1482 1424 ιν.
1505 1378 1588 1423 56.
1609 1375 1708 1438 §L
1742 1373 1920 1421 Litera
1941 1370 2152 1420 initialis
2171 1370 2466 1432 intercepta

1406 1455 1523 1499 erat
1559 1449 1627 1498 ab
1659 1448 1843 1498 ultima
1876 1448 2018 1499 vocis
2045 1448 2272 1513 praeced.
2327 1446 2465 1497 Vide

1407 1523 1474 1574 ad
1502 1537 1567 1574 ιι.
1586 1528 1669 1574 44.
1695 1521 1724 1585 ς
1743 1528 1796 1573 6.

1472 1599 1571 1650 Sed
1592 1601 1838 1662 rogationi
1869 1599 2140 1650 ffibuuicioe
2171 1598 2472 1652 navamus
2551 1603 2554 1606 ’

1405 1675 1731 1739 querebatur]
1765 1675 1986 1739 Repone
2007 1678 2089 1724 sed
2108 1674 2360 1737 largitioni
2381 1677 2471 1723 tri·

1408 1751 1605 1801 bunitioe
1624 1753 1972 1814 adens-quer.
2006 1748 2177 1801 Rhea.
2242 1751 2473 1814 Reposui

1407 1826 1660 1887 largitioni
1673 1827 1989 1876 auctoritate
2007 1826 2474 1876 vetustissimarum

1408 1903 1530 1953 edd·
1554 1909 1610 1952 et
1637 1903 1774 1953 Pall-
1793 1902 2033 1953 codicum
2055 1901 2474 1951 membranaceo·

1411 1993 1526 2028 rum
1550 1979 1702 2042 primi
1726 1993 1788 2029 ao
1809 1979 1972 2029 tertii.
2036 1978 2180 2028 Alias
2206 1979 2320 2027 Pal.
2334 1982 2384 2028 2.
2404 1992 2472 2027 ex

1411 2057 1512 2105 illis
1536 2056 1704 2105 lationi
1725 2056 1990 2106 tribunitia
2011 2056 2317 2105 adversarias
2334 2068 2475 2117 paru·

1411 2130 1565 2182 batur.
1599 2131 1775 2182 Gebh.
1845 2129 2359 2192 Borbet.1argitioui.·
2391 2129 2475 2178 eui

1412 2208 1515 2255 duo
1538 2207 1779 2257 meliores
1805 2207 1941 2256 Pan.
1961 2212 2019 2256 et
2042 2205 2473 2269 Vossiantsnott.

1411 2282 1550 2331 Flor.
1573 2291 1632 2331 et
1657 2280 1832 2331 Helm.
1855 2282 2054 2332 faciunt
2079 2282 2362 2342 secundas3
2379 2295 2476 2330 nos

1411 2373 1637 2424 quoque,
1670 2358 1797 2409 licet
1830 2359 2174 2409 obnuntiante
2195 2359 2476 2408 Glareanoz

1414 2434 1530 2486 Lib.
1565 2449 1630 2485 u.
1660 2450 1710 2486 c.
1743 2439 1828 2486 41.
1861 2436 1931 2487 do
1964 2437 2146 2487 Cassio
2177 2443 2388 2500 captum
2411 2450 2478 2484 ex

1413 2509 1658 2562 Hernicis
1691 2527 1871 2577 agrum
1914 2514 2176 2563 divisuro:
2213 2520 2231 2541 ¹
2255 2511 2476 2575 Largiti·

1414 2601 1515 2638 one
1562 2591 1825 2640 consulem
1879 2592 2199 2656 periculosas
2245 2588 2479 2637 libertati

1413 2677 1540 2727 opes
1558 2661 1794 2714 struere!
1828 2665 1963 2716 item
1982 2666 2166 2714 eodem
2183 2665 2330 2728 eap.‘
2343 2664 2479 2712 Con-

1415 2741 1494 2789 sul
1516 2742 1652 2791 alter
1673 2739 1937 2805 larssitioni
1956 2739 2267 2791 resistebat?
2321 2753 2410 2789 ιιι.
2433 2743 2481 2789 1.

1394 2816 1483 2865 ‘de
1507 2816 1710 2865 AEmilio
1732 2819 1966 2880 consule,
1981 2818 2111 2879 legis
2126 2816 2345 2879 agrariae
2366 2827 2482 2879 sua·
2539 2878 2544 2883 ,

1414 2907 1563 2942 sore:
1588 2901 1603 2924 ¹
1627 2894 1942 2943 'tribuniciis
1965 2908 2021 2943 se
2037 2893 2244 2957 jactare
2267 2891 2481 2941 actioni-

1417 2967 1513 3019 bus
1544 2970 1833 3033 principem
1865 2969 2115 3025 civitatis,
2139 2976 2196 3016 et
2219 2966 2483 3030 largiendo

1417 3045 1486 3094 de
1526 3046 1696 3093 alieno
1732 3044 2033 3109 popularem
2073 3041 2222 3092 fieri!
2276 3055 2354 3091 iv.
2395 3044 2481 3089 4⁸.

1330 3137 1345 3159 ’
1414 3124 1719 3186 ‘Stetitque
1762 3124 1814 3171 in
1861 3119 2043 3170 eadem
2089 3119 2368 3181 sententia,
2416 3132 2481 3166 ne

1417 3214 1522 3265 qua
1559 3199 1786 3262 largitio,
1829 3212 2042 3247 cessura
2077 3196 2129 3245 in
2174 3196 2331 3247 trium
2367 3208 2482 3255 gra-

1398 3267 1541 3325 ‘tiam
1587 3275 1933 3335 tribunorum,
1976 3272 2176 3322 fieret:
2219 3285 2318 3320 nee
2361 3285 2482 3318 eum

1419 3366 1599 3415 agrum
1621 3351 1781 3413 plebi,
1819 3350 1912 3399 sed
1947 3350 2045 3398 sibi
2072 3346 2318 3397 invidiam
2343 3361 2484 3411 qua·-

1420 3426 1503 3477 ri.’
1534 3428 1677 3483 J.F.
1700 3427 1854 3476 Gran.
1890 3425 2173 3488 Rogationi‚
2200 3425 2337 3486 quod
2359 3423 2481 3471 olim

1418 3505 1678 3554 nonnullis
1709 3505 1913 3553 excusis
1947 3502 2229 3556 insederat,
2260 3501 2310 3548 in
2342 3500 2484 3547 nullo

1418 3596 1653 3631 meorum
1673 3581 1910 3630 codicum
1928 3579 2137 3628 obvium
2154 3576 2329 3625 habui.
2360 3576 2483 3623 Lar-

1415 3658 1614 3721 gitioni,
1628 3665 1823 3721 praeter
1842 3665 2120 3717 utrumque
2134 3653 2284 3702 Voss.
2300 3666 2329 3699 a
2350 3650 2485 3700 Gro-

1421 3735 1576 3785 novio
1615 3738 1975 3793 memoratum,
2014 3727 2299 3793 proeferunt
2345 3727 2487 3775 Flor-

1422 3813 1550 3862 Lov.
1569 3811 1814 3875 quinque,
1832 3807 1981 3857 Leid.
2007 3810 2056 3855 1.
2075 3804 2224 3854 Harl.
2247 3810 2486 3867 uterque,

1420 3888 1560 3939 Hav.
1599 3887 1788 3951 fragm.
1824 3885 1962 3935 Hav.
1995 3890 2052 3933 et
2074 3880 2349 3930 Kloekian.
2415 3881 2486 3930 Et

1423 3964 1499 4013 ita
1522 3959 1643 4013 edd.
1665 3963 1813 4013 Rom.
1835 3964 1982 4011 1472.
2004 3974 2065 4009 ac
2083 3958 2264 4007 Parm.
2299 3956 2483 4006 Eidem

1422 4041 1634 4091 lectioni
1651 4054 1768 4090 snos
1792 4051 1994 4103 quoque
2017 4033 2304 4098 subfragari
2326 4042 2486 4084 testa-

1424 4126 1512 4170 tur
1530 4116 1810 4169 HearniuS.
1846 4115 2056 4178 Reliqui
2079 4112 2210 4161 Mes.
2233 4126 2332 4161 non
2355 4113 2487 4160 mul-

1424 4204 1532 4247 tum
1559 4195 1623 4246 ab
1647 4193 1871 4244 lectione
1901 4192 1993 4241 illa
2025 4190 2079 4239 in
2102 4189 2362 4238 diversum
2385 4189 2484 4236 dis-

1425 4274 1640 4333 cedunt.
1662 4272 1753 4323 sed
1784 4276 1969 4337 aperte
1992 4267 2225 4319 eamdem
2256 4265 2482 4315 firmant.
