2934 4925
473 382 648 450 8100

1166 404 1384 454 No'rAE
1432 407 1835 459 VAmonuM
1886 411 1963 459 m
2044 416 2053 426 ”

473 543 562 594 ba·
591 543 791 608 Sigonii
823 544 1118 597 Gronovius
1158 545 1436 613 descripsit
1469 563 1537 599 ex
1609 550 1760 602 Voss.
1799 556 1851 603 2.
1892 551 2042 604 Leid.
2083 560 2133 606 1.
2178 555 2305 607 Lov-
2340 562 2392 609 3.
2428 521 2590 609 Harl.
2622 565 2669 610 1.

476 623 641 684 prima
665 623 984 674 Scholiorum
1009 624 1121 689 ejus
1155 626 1240 675 ed.·
1269 628 1323 676 in
1361 633 1536 690 poste-

475 697 693 752 rioribus
718 700 852 749 enim
889 707 1148 763 postremo
1182 716 1301 766 pars
1333 703 1534 761 scholii,

1608 626 1757 677 Port.
1793 628 2012 680 Gsertn.
2047 630 2188 682 Hsv.
2214 640 2287 681 et.
2304 631 2489 696 fragm.
2526 635 2665 687 Hav.
2733 695 2740 702 ‚

1606 708 1662 753 nt
1679 703 1896 754 Sexum
1916 706 2044 757 Lov.
2062 711 2112 756 2.
2145 714 2202 757 nt
2216 708 2279 758 L.
2299 709 2663 761 SextiumssLov.

472 790 587 839 qum
632 783 775 827 recte
818 776 1082 828 Gronovio
1122 778 1407 843 displicuit,
1450 794 1533 830 re-
1605 782 1656 830 4.
1687 781 1761 828 uti
1788 780 1851 830 L.
1872 780 2099 832 Sextium·
2128 783 2182 832 in
2217 786 2361 835 Flor.
2391 786 2529 850 quod
2561 802 2663 837 ser·

470 857 615 900 secta
635 857 732 908 est,
752 858 807 902 ct
827 853 914 902 illa
950 860 1149 906 tontum
1183 861 1393 905 exstent
1414 870 1532 919 quae
1605 856 1741 908 vavi.
1807 856 1891 906 An
1929 859 2126 920 priores
2172 859 2309 909 Livii
2344 861 2570 912 editores
2606 862 2662 914 τὸ

471 928 568 976 hoc
601 929 716 979 loco
750 929 1002 980 visuntur.
1068 931 1230 996 Cujus
1265 929 1340 983 rei
1382 932 1531 983 forsi-

470 1010 558 1053 tan
582 1020 761 1056 cnosso
777 1004 960 1068 fuerit,
979 1008 1117 1073 quod
1140 1011 1252 1072 ipss
1281 1024 1337 1059 se
1359 1024 1529 1061 erras-

1602 929 1736 979 illum
1769 931 2036 986 adscivere
2070 948 2135 984 ex
2167 936 2515 999 superioribus
2550 952 2662 988 ver-

1601 1004 1681 1055 bis
1702 1006 1854 1070 liujus
1891 1023 2008 1072 cap.
2040 1012 2056 1039 ⁸
2075 1012 2138 1061 L.
2176 1013 2312 1062 illum
2347 1013 2584 1064 Sextium
2608 1022 2662 1065 et

467 1095 525 1129 se
540 1082 978 1134 animadverterit.
1001 1085 1242 1135 Ceterum
1261 1086 1530 1146 Tufoenore
1600 1082 1663 1132 C.
1687 1083 1940 1135 Licinium
1965 1097 2246 1151 perpetuos
2272 1090 2510 1140 tribunos
2530 1092 2567 1140 ?'
2630 1099 2635 1106 “

464 1162 606 1220 atque
669 1160 821 1223 agris,
881 1161 1070 1211 omissa
1136 1163 1526 1227 praepositione,

467 1231 616 1281 Leid.
639 1237 689 1283 2.
708 1242 763 1284 et
788 1236 913 1286 ιον.
940 1241 988 1286 1.

532 1309 559 1370 §
590 1311 649 1356 ll
699 1308 837 1365 Quod
880 1313 943 1360 ud
974 1327 1060 1361 vos
1098 1329 1256 1364 omnes
1290 1316 1522 1382 pertinet]

470 1384 611 1438 Quod
645 1386 709 1434 nd
743 1400 830 1435 nos
863 1402 1020 1436 omnes
1050 1390 1288 1452 pertinent
1301 1391 1524 1442 Gnertn.

463 1466 520 1507 et
552 1459 680 1509 ιον.
702 1465 753 1510 2.
787 1465 909 1525 quad
940 1466 1003 1513 ad
1022 1479 1111 1515 nos
1136 1482 1294 1517 omnes
1315 1469 1523 1533 pertinet

463 1535 614 1584 Voss.
636 1539 685 1585 2.
708 1543 764 1586 et
796 1538 926 1589 LoV.
948 1543 999 1588 3.
1031 1555 1095 1591 sc
1116 1546 1165 1590 5.
1198 1546 1319 1606 qnod
1346 1546 1411 1593 aa
1441 1559 1523 1593 vos

460 1625 617 1660 omnes
649 1613 904 1674 pertinebit
957 1615 1107 1668 Leid.
1151 1620 1201 1668 2.
1267 1620 1397 1669 Mox
1436 1622 1524 1670 hoc

453 1692 743 1750 portentum,
770 1704 864 1753 pro
899 1693 985 1741 hoe
1012 1696 1242 1758 portenti,
1289 1696 1437 1747 Harl.
1469 1703 1519 1748 2.

459 1764 609 1815 Port.
644 1774 701 1815 et
725 1765 863 1819 Hav.
928 1772 1088 1821 Male.
1147 1772 1350 1836 Optimi
1380 1776 1518 1825 enim

456 1846 601 1891 stant
640 1857 733 1905 pro
777 1846 1004 1909 vulgato.
1073 1848 1219 1898 Infra
1256 1863 1395 1904 xxx.
1442 1857 1519 1903 ts.

454 1917 471 1944 ‘
495 1917 720 1969 Perdito'
756 1928 923 1972 tamen
960 1931 1119 1988 atque
1165 1926 1377 1979 adflicto
1417 1930 1517 1980 sibi

452 1995 552 2044 hoe
572 1996 625 2045 in
649 1998 864 2048 miseriis
887 2003 1059 2052 solatii
1083 2004 1245 2055 essez’
1276 2006 1342 2055 ad
1356 2021 1513 2071 quem

451 2071 620 2120 locum
645 2075 795 2137 plura
818 2077 952 2126 vide.
1008 2078 1273 2131 Praeterea
1293 2083 1514 2148 nonfiet,

451 2162 548 2211 pro
569 2151 789 2216 nonfiat,
812 2154 961 2203 Port.
979 2170 1010 2204 a
1032 2171 1099 2205 m.
1118 2171 1220 2208 sec.
1239 2149 1288 2208 ni
1307 2159 1431 2224 fiat,
1457 2162 1510 2210 id

437 2231 531 2274 ,est
546 2228 807 2293 madefiat,
827 2230 954 2281 [ιον.
970 2237 1019 2282 2.
1087 2233 1222 2284 Vide
1238 2235 1304 2284 ad
1325 2250 1406 2285 xv.
1426 2242 1509 2288 66.

449 2303 478 2364 §
509 2307 559 2350 6.

438 2415 444 2432 .
520 2379 591 2427 Ut
612 2379 833 2431 Sextium
857 2388 997 2448 utque
1012 2385 1135 2435 hunc
1160 2389 1219 2438 C.
1241 2387 1507 2455 Licinium]

445 2453 567 2504 Ver.
608 2454 696 2507 lib.
717 2459 793 2506 uti
814 2458 1068 2511 Sextium:
1102 2478 1169 2512 ex
1202 2479 1305 2529 quo
1327 2467 1505 2530 colligi

445 2539 619 2593 potest
658 2533 930 2596 legendnm
974 2544 1029 2588 ut
1060 2539 1122 2588 L.
1154 2539 1391 2592 Sextium.
1425 2545 1506 2594 si·

445 2621 565 2671 gon.
638 2610 726 2660 Uti
749 2613 880 2661 illum
914 2614 1001 2678 [L.
1031 2614 1273 2681 Sextium]
1315 2619 1506 2669 habent

443 2691 646 2733 veteres
689 2685 937 2752 Andreae,
970 2691 1230 2750 Bechnrii,
1263 2696 1504 2759 Mogunt.

442 2760 700 2824 Ascensii‚
742 2775 795 2816 et
850 2768 985 2817 aliae.
1052 2770 1206 2821 Haud
1262 2773 1370 2823 scio
1409 2789 1506 2824 cur

441 2839 708 2891 mutarint.
739 2844 797 2893 J.
823 2845 883 2893 F.
916 2845 1070 2895 Gron-
1135 2849 1319 2900 Lectio
1354 2852 1501 2901 selio-

440 2913 504 2962 lis
536 2915 732 2979 sigonii
772 2923 1084 2986 praescripta
1115 2925 1168 2973 in
1217 2928 1361 2977 nulla
1414 2929 1502 2977 ed.

437 2990 733 3045 obvia-fuit.
797 2996 986 3046 Eurum
1011 2999 1273 3064 principes
1308 3002 1499 3066 proefe-

436 3074 577 3130 runt,
611 3071 1040 3132 quemadmodum
1064 3075 1355 3127 Gronovius
1390 3094 1498 3130 mo-

435 3141 569 3191 nuit.
634 3143 797 3195 Aldus
842 3147 1031 3198 deinde
1068 3151 1145 3200 uti
1183 3152 1245 3201 L.
1278 3152 1499 3204 Sextium

435 3216 488 3264 in
528 3226 779 3271 contextu
821 3223 986 3274 dedit.
1074 3226 1176 3277 Sed
1218 3230 1269 3277 in
1314 3233 1495 3282 erratis

431 3291 658 3355 priorem
699 3298 976 3350 lectionem
1020 3305 1305 3366 revocavit,
1338 3300 1493 3371 quain

430 3376 489 3418 et
513 3371 731 3432 proximi
752 3373 980 3424 editores
1013 3388 1302 3429 servarunt.
1366 3384 1492 3433 Fro-

433 3445 613 3496 benius
648 3448 835 3500 deinde
884 3456 1029 3503 1531.
1058 3456 1135 3504 uti
1175 3456 1236 3505 L.
1269 3457 1492 3510 Sextium

426 3521 668 3572 similiter
690 3526 954 3589 vulgavit3
977 3528 1131 3593 idque
1156 3539 1338 3595 postea
1358 3549 1487 3585 sem·

425 3611 523 3661 per
555 3600 801 3652 obtinuit.
870 3603 1135 3655 Gronovio
1167 3610 1371 3672 roganti
1392 3626 1490 3661 cur

424 3676 884 3728 vetustissimarum
924 3681 1043 3730 edd.
1087 3684 1247 3736 lectio
1285 3697 1488 3741 mutata

419 3752 601 3814 fuerit,
628 3757 915 3819 respondeo
956 3759 1007 3809 id
1044 3759 1238 3814 factum
1276 3781 1392 3816 esse
1416 3765 1485 3819 ob

423 3828 577 3878 codd.
612 3833 992 3897 auctoritatem.
1056 3839 1213 3889 Certe
1255 3857 1483 3895 meorum

423 3906 594 3955 nullus
617 3908 719 3957 illis
736 3913 984 3963 concinit.
1030 3916 1163 3965 Nam
1183 3924 1239 3968 ut
1261 3921 1481 3988 Latium,

421 3981 576 4031 velL.
591 3984 872 4048 Sextilium,
886 3989 1031 4038 estin
1049 3991 1198 4042 Voss.
1213 3997 1261 4042 1.
1276 4004 1333 4044 et
1352 3997 1480 4046 Lov.

421 4059 469 4103 1.
502 4071 563 4105 ac
598 4061 647 4105 δ.
679 4061 752 4107 uti
773 4060 1031 4113 Sextilium
1067 4066 1120 4114 in
1151 4068 1300 4118 Harl.
1324 4074 1373 4119 2.
1405 4074 1482 4122 nti

417 4132 480 4181 L.
514 4131 772 4185 Sextilium
815 4138 865 4187 in
901 4140 1050 4192 Port.
1087 4150 1143 4193 ut
1176 4145 1394 4199 Sextium
1422 4151 1478 4200 in

413 4204 636 4256 Hearnii
654 4207 825 4262 Oxou.
840 4215 898 4265 C.
934 4219 1005 4265 uti
1020 4216 1247 4272 Sextium
1267 4223 1319 4272 in
1340 4225 1476 4289 ejus-

416 4282 535 4332 dem
565 4283 720 4360 codd.
742 4287 803 4337 L‘.
819 4293 868 4341 1.
889 4292 1029 4344 2:13.
1051 4302 1106 4348 et
1128 4297 1198 4349 N.
1230 4307 1387 4367 atque
1421 4303 1477 4354 in

1674 1160 1879 1211 Videas.-
1909 1168 1994 1212 ant
2031 1164 2188 1214 omnia
2218 1167 2397 1231 accipe,
2421 1172 2508 1216 aut
2540 1168 2662 1219 nihil

1586 1237 1716 1299 fero.
1786 1240 1854 1289 Ut
1873 1242 1918 1289 si
1938 1243 2047 1304 quis
2060 1244 2123 1300 ei,
2139 1257 2276 1306 quem
2294 1249 2468 1307 urgeat
2476 1245 2658 1308 sumes]

1599 1313 1751 1365 Adde
1785 1322 1957 1367 notam
1992 1320 2414 1384 interrogationis
2450 1322 2568 1370 voci
2590 1321 2659 1369 vi·

1597 1390 1744 1441 deas?
1808 1393 1940 1443 Quae
1963 1403 2253 1457 sequuntur
2268 1396 2451 1458 verba,
2463 1400 2551 1445 ant
2563 1412 2657 1445 om·

1595 1465 1678 1514 nin
1707 1466 1884 1530 accipe,
1917 1473 2000 1517 aut
2037 1468 2160 1517 nihil
2172 1470 2304 1535 fero,
2340 1471 2508 1521 verba
2539 1478 2656 1521 sunt

1597 1542 1784 1608 Licinii
1818 1545 2012 1595 tribuni
2037 1543 2202 1610 plebis
2236 1550 2304 1599 ab
2328 1551 2505 1614 Appio
2528 1551 2654 1600 reci·

1594 1623 1705 1668 tata
1741 1636 1835 1684 per
1869 1622 2080 1686 μίμησιν,
2114 1626 2331 1688 perinde
2366 1634 2523 1691 atque
2549 1627 2651 1683 illa,

1595 1695 1612 1722 ‘
1630 1695 1772 1762 Non,
1793 1698 1978 1762 inquit,
1988 1701 2213 1762 Jicebit.²
2275 1703 2393 1753 Jam
2417 1717 2543 1752 vero
2566 1704 2653 1752 illa

1599 1772 1666 1821 Ut
1687 1774 1733 1821 si
1754 1775 1860 1837 quis
1887 1776 1951 1836 ei,
1974 1791 2108 1838 quem
2140 1783 2312 1839 urgeat
2326 1779 2510 1839 fames,
2535 1784 2651 1827 sunt

1593 1847 1759 1913 Appii,
1775 1854 2105 1915 coarguentis
2128 1853 2312 1903 Licinii
2337 1854 2648 1903 sententiam

1588 1925 1745 1983 illam,
1763 1927 1869 1978 Aut
1888 1930 2046 1978 omniu
2067 1931 2245 1996 accipe,
2263 1937 2347 1979 aut
2381 1932 2506 1980 nihil
2515 1931 2645 1991 fero.

1587 2000 1788 2064 Sigon-⁴
1827 2003 1935 2055 Aut
1953 2002 2342 2069 omnia-accipere
2360 2008 2563 2058 LoV.'4.
2595 2014 2647 2057 et

1577 2078 1811 2130 'Gaertm
1838 2097 2053 2145 quorum
2075 2083 2229 2133 codd.
2254 2085 2472 2140 librarii,
2495 2100 2550 2134 se
2570 2101 2644 2134 ac-

1582 2154 1705 2217 cip’e
1746 2158 1828 2206 vel
1869 2160 2026 2229 accipe
2077 2162 2329 2225 scriptum
2371 2162 2646 2227 invenisse,

1584 2234 1912 2285 existimasse
1933 2237 2191 2286 videntur.
2250 2238 2430 2286 Omnia
2450 2237 2647 2301 aecipite

1583 2308 1735 2360 Harl.
1760 2316 1806 2362 1.
1867 2313 2027 2363 Male.
2090 2315 2377 2364 Praeeessit
2395 2316 2531 2364 enim
2548 2316 2644 2364 sin·

1583 2387 1749 2448 gulari
1773 2402 1984 2439 numero
2004 2391 2020 2417 ⁸
2035 2390 2259 2452 jubeas,’
2291 2398 2307 2421 ‘
2323 2390 2644 2455 indignaris,'

1580 2460 1596 2489 ‘
1612 2462 1958 2529 abominaris,’
1980 2474 1996 2497 ‘
2011 2467 2241 2516 videas-⁹v
2288 2469 2427 2518 Illud
2449 2470 2644 2533 aecipite

1564 2535 1849 2589 ,formatum
1890 2550 1972 2592 est
1995 2558 2060 2592 ex
2081 2543 2272 2607 verbis,
2308 2560 2424 2607 quae
2459 2553 2641 2608 postea

1579 2617 1714 2678 §13.
1744 2617 2145 2687 sulgiunguntur.
2209 2620 2404 2670 Verum
2443 2620 2517 2670 ibi
2540 2622 2639 2669 alia

1579 2695 1756 2741 ratio..
1801 2693 1907 2743 Hic
1934 2696 2068 2745 enim
2093 2694 2298 2761 Appius
2322 2712 2420 2761 per
2438 2696 2636 2759 μίμησιν

1577 2768 1826 2831 exprimit
1850 2771 2173 2821 verba-unius
2197 2773 2544 2837 tribunorum,
2558 2780 2634 2824 re‘-

1576 2844 1881 2908 spondentis
1917 2847 2005 2896 nni
2049 2848 2153 2898 civi
2196 2863 2260 2898 ex
2300 2850 2476 2898 media
2516 2864 2636 2900 con-

1576 2921 1727 2969 cione
1753 2921 2132 2986 subclamanti'3
2163 2923 2236 2974 ibi
2259 2923 2465 2989 Appius
2486 2924 2634 2988 fingit

1574 2997 1848 3059 patricium
1887 3000 1985 3048 toti
2026 3001 2165 3065 plebi
2211 3002 2472 3052 dicentem
2511 3002 2634 3052 acci-

1564 3073 1687 3137 pite.
1752 3074 2026 3125 Praeterea
2056 3081 2138 3126 aut
2162 3078 2286 3128 nihil
2305 3093 2388 3126 oro
2410 3079 2562 3128 Voss.
2581 3082 2628 3127 2.

1570 3157 1658 3200 ant
1678 3150 1957 3212 nihilferas
1986 3154 2111 3203 Lov.
2147 3158 2197 3202 2.
2229 3158 2279 3203 4.
2309 3159 2359 3203 5.
2402 3154 2550 3204 Harl.
2579 3158 2628 3204 22

1569 3227 1717 3278 Port.
1740 3229 1970 3280 ‘Ga-ertu.
2006 3230 2142 3280 Hav.
2174 3237 2228 3280 et
2261 3231 2454 3295 fragm.
2497 3230 2629 3281 Hav.

1568 3305 1735 3354 literis
1771 3307 2094 3371 transpositis
2116 3313 2201 3356 aut
2222 3306 2346 3356 nihil
2364 3309 2482 3367 fore
2502 3300 2628 3357 Ii‘ov.

1566 3385 1616 3430 8.
1680 3382 1889 3431 Deinde
1908 3381 2013 3432 Ant
2031 3383 2075 3432 si
2089 3384 2194 3446 quis
2209 3384 2255 3432 ei
2280 3383 2428 3435 Leid.
2443 3390 2494 3434 2.
2517 3400 2624 3449 quae

1566 3458 1788 3508 varietas
1810 3460 2081 3523 scripturae
2108 3459 2159 3508 in
2182 3458 2501 3523 membranis
2518 3460 2624 3511 ‘fre-

1566 3547 1728 3598 quens
1743 3542 1841 3583 est.
1907 3535 2039 3585 Vide
2062 3537 2161 3585 hoc
2194 3551 2309 3600 cap.
2331 3537 2396 3586 ad
2423 3540 2451 3601 §
2473 3542 2522 3586 7.
2604 3574 2609 3581 .

1628 3613 1656 3675 §
1682 3615 1746 3660 12
1785 3608 2025 3661 Venenum
2043 3617 2191 3674 ponat
2209 3627 2316 3661 cnm
2335 3613 2462 3674 cibo,
2480 3619 2527 3663 et
2541 3619 2624 3662 ant

1561 3689 1800 3738 abstinere
1831 3704 1885 3738 eo
1906 3690 2029 3752 quod
2048 3690 2191 3739 vitale
2210 3688 2300 3752 sit]
2341 3688 2461 3740 Ven.
2476 3696 2620 3754 ponat

1560 3765 1614 3813 in
1645 3766 1747 3815 cibo
1781 3763 1968 3828 fragm.
1993 3766 2129 3816 Hav.
2165 3781 2196 3815 a
2217 3782 2282 3814 m.
2317 3780 2397 3829 pr.
2467 3768 2619 3816 Male.

1561 3844 1682 3893 Non
1706 3843 1842 3892 enim
1866 3842 2062 3892 indicat
2080 3856 2335 3891 venenum
2355 3841 2476 3905 cibo
2494 3845 2616 3892 mix-

1559 3925 1689 3981 tum,
1705 3919 1796 3968 sed
1815 3933 2069 3968 venenum
2091 3927 2144 3967 et
2159 3919 2353 3981 cibum,
2377 3919 2616 3984 quodque

1556 3995 1853 4057 separatim.
1924 3995 2062 4043 Nam
2100 4008 2221 4043 mox
2254 3993 2471 4045 demum.
2500 3995 2614 4044 snb·

1547 4071 1787 4134 jungitur
1822 4077 1948 4119 ‘aut
1980 4067 2313 4118 mortiferum·
2348 4071 2492 4119 vitali
2528 4070 2616 4119 ad-

1553 4145 1806 4196 misceat.’
1872 4145 2009 4195 Tum
2044 4150 2089 4194 ei
2125 4144 2358 4194 deest-in
2382 4146 2533 4194 Voss.
2565 4150 2612 4194 2.

1554 4229 1609 4273 et
1647 4224 1773 4273 Lov-
1796 4226 1845 4272 3.
1913 4222 2156 4286 Denique
2176 4223 2520 4285 quadrimi&
2545 4223 2612 4271 s‘it

1551 4299 1700 4351 Harl.
1717 4303 1771 4349 1.·
1800 4299 1903 4350 Sed
1922 4298 2091 4364 prima
2110 4298 2265 4350 litera
2284 4299 2374 4349 τοῦ
2389 4299 2459 4348 sit
2478 4299 2607 4350 male
