2934 4925
223 1741 425 1804 ponit?

715 448 786 496 τ.
835 443 1024 493 mvn
1078 443 1280 494 ffls‘r.
1333 443 1478 493 mu.
1529 443 1628 492 vr.
1677 444 1839 493 osv.
1883 430 1948 493 4.

235 589 361 640 Lov.
381 594 436 640 5.
469 604 561 639 uon
582 591 890 651 remigrasset
910 590 1132 646 Romam
1149 589 1302 639 omis·

241 681 297 714 so
327 671 401 726 τῷ
434 666 536 728 qui,
575 665 722 714 Leid.
749 671 791 713 1.
859 667 961 715 Sed
992 676 1138 715 recte
1164 667 1299 715 Gro-

238 744 415 791 novius
443 746 711 807 vulgatum
737 743 995 808 defendit,
1018 753 1068 792 et
1094 744 1299 806 ellipsin

239 819 554 881 pronominis
594 834 699 869 eum
736 821 903 869 locum
937 818 1301 883 corrumpendi

242 907 410 944 ansam
436 896 739 960 quibusdam
761 898 943 946 scribis
956 896 1163 945 dedisse
1179 910 1300 947 cen·

241 979 332 1021 set.
399 975 488 1022 De
511 988 576 1022 ea
599 974 748 1037 plura
770 973 887 1023 vide
920 973 985 1022 ad
1019 986 1188 1023 xxm.
1220 978 1302 1023 15.

239 1050 263 1113 §
294 1053 362 1114 4„
410 1050 687 1099 Praeterea
731 1050 831 1099 dies
871 1050 1040 1099 deiude
1079 1050 1301 1113 prestita

237 1122 373 1174 Hav.
396 1140 580 1174 errore
614 1126 832 1176 librarii.
896 1126 1066 1190 Supra
1098 1140 1187 1175 ιιι.
1218 1130 1302 1176 22.

241 1203 255 1228 ‘
275 1201 565 1266 Postquam
590 1203 653 1252 ad
680 1202 817 1252 diem
843 1204 1190 1266 praestitntnm
1216 1217 1301 1251 ve-

237 1284 427 1326 nerunt
474 1277 639 1328 socii!
705 1292 835 1329 xnv.
879 1284 958 1328 ll.
1005 1282 1020 1308 ‘
1039 1280 1301 1343 Diemque

239 1355 545 1417 praestituit,
562 1356 699 1405 intra
720 1372 870 1421 quam
895 1356 960 1404 de
993 1355 1301 1407 conditioni-

237 1430 330 1479 bus
376 1433 609 1495 peractis
652 1447 953 1498 responsum
1004 1430 1304 1496 acciperet!

241 1507 420 1557 Florus
447 1523 528 1558 lv.
557 1514 601 1558 1.
626 1511 654 1574 ᾗ
679 1514 728 1561 8.
762 1515 777 1539 ⁸
799 1510 1033 1572 Regnum
1055 1510 1148 1559 sibi
1173 1508 1302 1556 vati·

238 1584 434 1645 einans,
474 1585 541 1634 ad
586 1587 940 1649 praestitutum
995 1601 1026 1635 a
1080 1585 1301 1635 Catilina

239 1664 372 1713 diem
399 1664 530 1714 urbe
554 1673 664 1715 tota
688 1666 845 1727 viros,
873 1666 1033 1726 faces,
1066 1667 1171 1714 tela
1200 1664 1302 1715 dis·

493 1742 581 1791 De
604 1742 850 1792 similibus
879 1743 1157 1792 scribarum
1183 1757 1306 1806 pec·

240 1818 370 1883 catis
395 1818 515 1867 vide
540 1820 604 1867 ad
630 1833 689 1868 x.
711 1823 791 1868 37.
816 1822 844 1885 ᾗ
866 1823 914 1869 2.
1117 1863 1122 1867 .

308 1896 395 1943 Ea·
416 1895 763 1954 ferocientibus
800 1896 1035 1945 universis
1076 1896 1303 1955 singulos,

244 1976 368 2020 metu
392 1986 478 2020 suo
501 1986 745 2035 quemque,
765 1972 1186 2035 obedientessecit]
1217 1972 1312 2021 Ita‘

245 2047 488 2110 distinxi,
510 2058 568 2097 ut
590 2050 733 2117 locus
753 2049 940 2098 clarior
960 2048 1096 2098 foret
1114 2065 1129 2109 3
1151 2063 1303 2115 quem

243 2140 348 2174 uon
373 2126 689 2187 intellexere
709 2140 1063 2182 amanuenses,
1103 2131 1158 2175 et
1185 2125 1306 2174 ideo

240 2200 385 2249 varie
409 2208 777 2264 corruperunt.
851 2201 1109 2250 Universos
1138 2202 1306 2264 singu·

241 2277 336 2332 les.
352 2278 434 2339 ξε.
456 2276 588 2325 obed.
598 2277 727 2337 fecit
748 2284 830 2326 est
854 2277 905 2325 in
930 2278 1077 2325 Leid.
1102 2281 1148 2325 1.
1181 2278 1310 2327 metu

238 2368 323 2401 suo
343 2368 619 2416 quemquam
643 2355 773 2404 obed.
784 2354 912 2415 feeit
932 2356 983 2403 in
1001 2357 1152 2405 Port.
1223 2356 1307 2408 Itu

240 2438 292 2481 et
320 2430 372 2479 in
397 2431 582 2481 eodem
610 2430 728 2481 cod.
752 2441 1001 2496 peccatur
1022 2433 1120 2482 hoc
1144 2431 1236 2483 lib.
1258 2446 1307 2482 c.

242 2512 329 2557 18.
371 2509 401 2571 ξ
448 2512 496 2558 3.
566 2508 765 2557 Contra
807 2509 929 2558 alibi
974 2510 1168 2573 quisque
1212 2523 1308 2572 pro

244 2586 500 2648 quisquam
527 2599 556 2632 a
589 2584 772 2634 scribis
799 2584 977 2634 datum
1010 2592 1107 2635 est.
1172 2584 1309 2634 Vide

238 2662 305 2709 nd
338 2676 394 2710 v.
416 2666 499 2710 29.
525 2663 624 2725 §6.
648 2669 703 2711 et
728 2662 792 2710 ad
819 2675 898 2711 ix.
923 2666 1003 2711 38.
1038 2664 1066 2726 ς
1095 2665 1146 2711 9.
1178 2666 1307 2712 metu

241 2754 328 2787 suo
351 2739 432 2801 qui
453 2753 678 2801 quemque
696 2739 828 2789 obed.
853 2739 999 2802 fecit,
1021 2740 1153 2788 male
1180 2754 1307 2789 voce

244 2816 573 2878 quindecim,
589 2816 746 2865 habet
767 2816 904 2866 Hav.

259 2898 266 2905 ‘
309 2893 342 2955 ξ
375 2897 407 2940 6
442 2894 511 2940 Et
546 2893 702 2941 Roma
733 2908 872 2956 quum
883 2893 1161 2958 frequentia
1185 2910 1309 2945 cres·

153 3031 159 3037 ·
243 2984 371 3024 cere.
392 2974 496 3017 tum
517 2974 620 3019 tota
641 2970 783 3019 simul
803 2970 1087 3037 exsurgere]
1121 2973 1188 3020 Et
1209 2977 1310 3022 tum

248 3046 409 3094 Roma
436 3046 569 3108 freq.
601 3060 827 3108 crescere,
846 3053 946 3096 tum
967 3052 1068 3096 tota
1100 3049 1226 3096 Lov-
1260 3052 1310 3097 2.

244 3123 316 3169 Et
357 3122 512 3171 Roma
541 3128 638 3171 tum
657 3124 790 3186 freq.
817 3139 1042 3185 crescere,
1068 3139 1173 3173 cum
1208 3129 1311 3195 tota

245 3197 398 3246 Leid.
422 3202 472 3247 2.
494 3207 550 3247 et
571 3199 698 3248 Lov.
725 3205 769 3248 1.
805 3216 908 3259 cum
927 3201 1059 3267 freq.
1084 3216 1311 3257 crescere,

245 3288 354 3322 cum
369 3278 478 3322 tota
493 3274 641 3323 Voss.
667 3275 1009 3339 anibo‚Leid.
1037 3283 1083 3328 1.
1111 3279 1242 3328 Lov.
1263 3270 1312 3327 Β.

246 3357 300 3397 et
324 3350 467 3399 Har.
522 3350 672 3400 Vide
693 3353 789 3400 hoc
825 3353 915 3402 lib.
945 3352 1010 3400 ad
1036 3368 1083 3402 c.
1104 3358 1186 3403 23.
1212 3356 1313 3418 §8-

248 3426 366 3474 Vox
389 3432 491 3476 tota
523 3428 675 3477 abest
699 3427 764 3477 ab
786 3429 936 3478 Harl.
962 3434 1011 3478 2.
1037 3431 1161 3480 Lov.
1186 3435 1235 3479 5.
1257 3437 1312 3478 et

247 3511 500 3553 contextu
535 3505 683 3556 Port.
715 3505 767 3554 in
801 3507 946 3570 cujus
980 3515 1154 3555 tamen
1178 3521 1312 3556 mar-

249 3580 371 3641 gine
420 3588 608 3644 postea
646 3582 908 3646 adscripta
938 3590 1039 3632 est.
1105 3583 1310 3632 Deinde

247 3669 497 3718 assurgere
513 3657 692 3706 datum
711 3658 876 3721 primo
891 3667 1005 3708 erat
1022 3660 1074 3708 in
1091 3659 1312 3709 Gaertn.

253 3734 342 3783 sed
380 3735 518 3783 inter
552 3750 729 3784 versus
766 3737 1095 3787 emendatum
1119 3744 1200 3787 est
1227 3753 1312 3788 ex·

250 3825 460 3872 surgere,
493 3813 632 3875 qnod
654 3811 805 3861 codd.
836 3828 1014 3875 omnes
1039 3822 1267 3865 servant.

315 3889 383 3937 Et
419 3888 660 3951 republica
696 3890 916 3953 inpensas
951 3892 1222 3953 adiuvante,
1266 3898 1315 3942 et

253 3964 492 4027 alitibus]
516 3965 756 4030 Utroque
774 3968 888 4016 loco
908 3967 966 4016 τὸ
985 3974 1032 4017 et
1054 3970 1315 4018 omittitur

256 4042 326 4089 in
332 4042 471 4092 Hav.
496 4043 583 4106 qui
610 4043 747 4109 idem
779 4059 898 4092 mox
922 4045 1075 4094 etiam
1097 4048 1313 4103 admove·

255 4116 335 4165 bat
357 4115 592 4180 praefert,
618 4133 710 4181 pro
726 4104 1035 4169 admonebat.
1085 4121 1224 4170 Vide
1238 4120 1312 4170 ad

257 4206 426 4243 xxxv.
448 4198 529 4245 35.
552 4195 654 4258 §5.
725 4176 809 4256 Uc‘,
834 4209 926 4257 pro
948 4202 1015 4260 et,
1037 4196 1312 4246 ultimolo·

259 4284 316 4319 co
338 4280 419 4320 est
444 4270 494 4319 in
521 4272 650 4319 LoV.
670 4276 720 4319 5.
745 4271 932 4333 passim
945 4272 1101 4321 obvio
1120 4286 1313 4322 errore.

207 4410 212 4413 .
260 4347 560 4398 Praeterea
548 4363 600 4397 in
627 4349 798 4415 gerbis
823 4363 971 4415 seqq.
996 4348 1316 4415 exercentibus

2260 430 2430 497 7867

1376 591 1507 655 epus,
1528 593 1620 653 pro
1641 591 1942 653 exigentibus
1959 605 2035 654 op.
2060 591 2254 643 Lon-4.
2286 590 2434 641 Nihil

1376 666 1697 715 mutandum.
1741 666 1896 715 Ovid.
1918 663 1921 666 ’
1940 668 2041 731 Ep.
2087 662 2219 716 Her.
2238 673 2243 678 “
2262 681 2342 718 xl.
2380 672 2431 717 8.

1375 750 1391 773 ‘
1407 741 1755 806 Auctorisque
1779 743 1937 791 oculis
1952 744 2252 807 exigeretur
2267 742 2437 807 opus-'-

1376 819 1582 869 Colum.
1605 831 1694 869 111.
1719 822 1798 869 13.
1829 820 1845 846 ‘
1865 819 2004 868 Huic
2038 821 2185 883 operi
2219 822 2436 884 exigen-

1376 894 1444 943 do
1469 896 1614 960 quasi
1655 896 1930 959 quamdam
1972 897 2259 946 machinam
2293 911 2435 947 com·

1375 972 1538 1022 menti
1575 973 1797 1035 majores
1827 973 1995 1023 nostri
2023 975 2253 1036 regulam
2277 972 2437 1023 fabri·

1377 1047 1669 1098 caverunt!
1731 1049 1808 1098 Eo
1832 1062 1984 1098 sensu
2022 1056 2154 1100 sarta
2177 1056 2301 1100 tecta
2331 1051 2435 1100 exi·

1373 1140 1491 1187 gere
1511 1125 1620 1175 Cic.
1643 1125 1694 1175 in
1716 1127 1869 1175 Verr.
1901 1138 1939 1175 ι.
1976 1131 2058 1176 60.
2092 1133 2150 1176 et
2181 1130 2197 1156 ‘
2216 1121 2281 1177 ed
2319 1135 2436 1191 per-

1379 1201 1707 1265 pendiculum
1731 1203 1994 1253 columnus
2016 1203 2256 1266 exigere'
2286 1218 2335 1253 c.
2352 1208 2433 1254 51.

1379 1278 1442 1327 In
1469 1279 1547 1327 his
1580 1284 1595 1308 ⁸
1615 1278 1855 1340 exigere'
1887 1277 1997 1328 fere
2021 1279 2157 1329 idem
2183 1287 2263 1329 est
2297 1281 2433 1345 quod

1379 1352 1746 1403 ‘examinare'
1779 1355 1916 1404 Vide
1931 1356 2161 1405 Gronov.
2172 1356 2238 1405 ad
2252 1357 2437 1407 Senee.

1378 1429 1565 1495 Agam.
1589 1446 1665 1481 vs.
1684 1436 1801 1482 934.
1869 1433 2092 1496 Insuper
2111 1433 2241 1482 intra
2262 1434 2440 1498 quoque

1377 1524 1571 1571 aunum,
1616 1524 1709 1573 pro
1748 1509 1968 1573 intraque
1999 1524 2189 1566 aunum,
2227 1507 2373 1560 Lov.
2385 1515 2436 1560 2.

1378 1584 1515 1634 Vide
1540 1584 1605 1633 ad
1628 1597 1683 1634 v.
1702 1589 1785 1635 27.
1803 1588 1897 1650 §l-

1443 1663 1472 1724 ᾧ
1494 1665 1525 1709 7
1564 1660 1771 1710 Comitia
1788 1661 2083 1711 tribunorum
2102 1663 2312 1712 militum
2330 1678 2439 1714 con·

1378 1738 1529 1786 sulari
1546 1743 1777 1800 potestate
1807 1738 2001 1788 habita.-
2031 1738 2207 1801 creati]
2241 1742 2440 1791 Parum

1380 1813 1689 1876 fastidirem,
1712 1814 1877 1863 sicubi
1902 1813 2187 1877 reperirem
2210 1816 2261 1863 in
2280 1811 2447 1865 mein-1

1373 1891 1573 1953 branis,
1596 1892 1755 1941 Exitu
1775 1892 1891 1940 anni
1912 1892 2120 1941 comitiis
2140 1890 2440 1941 tribunorum

1380 1968 1586 2017 militum
1599 1968 1834 2016 consulari
1840 1971 2076 2030 potestate
2085 1968 2279 2028 habitis,
2288 1967 2442 2017 creati

1386 2046 1440 2094 T.
1466 2043 1719 2101 Quinctius
1744 2044 2056 2094 Cincinnatus
2079 2079 2092 2093 .
2111 2080 2124 2095 .
2143 2079 2157 2094 .
2178 2045 2440 2096 exercitum

1380 2126 1581 2173 alterum
1600 2124 1652 2171 in
1673 2123 1868 2186 AEquos.
1899 2122 1934 2173 J
1938 2154 1954 2169 .
1972 2123 2031 2171 F.
2055 2121 2218 2173 Gron.
2281 2117 2336 2172 S‘i
2359 2119 2439 2178 ita

1382 2213 1486 2249 uno
1522 2199 1721 2248 ambitu
1754 2212 1878 2247 cum
1896 2197 2160 2248 Gronovio
2186 2199 2349 2262 legas,
2368 2213 2442 2247 co-

1382 2276 1539 2326 mitiis
1560 2276 1738 2326 habitis
1769 2288 2020 2338 expones,
2052 2274 2072 2301 *
2090 2275 2210 2323 dum
2232 2276 2443 2325 comitia

1380 2351 1673 2403 habentur!
1707 2352 1842 2403 Vide
1865 2353 1981 2404 Jac.
2000 2352 2226 2402 Gronov.
2240 2352 2303 2401 ad
2328 2353 2442 2403 Liv.

1384 2443 1548 2480 xxxi.
1570 2435 1620 2480 7.
1642 2431 1670 2495 ξ
1695 2433 1742 2480 1.
1761 2435 1817 2480 et
1832 2430 2063 2480 Cortium
2088 2429 2153 2478 ad
2175 2429 2300 2480 Sall.
2322 2431 2453 2482 Cat.-

1383 2524 1499 2573 cap.
1529 2513 1612 2559 24.
1645 2511 1674 2573 §
1700 2513 1747 2558 1.
1815 2510 1884 2558 Et
1907 2509 1983 2559 ita
2004 2510 2208 2559 locutus
2229 2516 2307 2558 est
2329 2510 2441 2558 Liv-

1382 2601 1499 2638 xm.
1523 2591 1606 2636 28.
1636 2591 1651 2614 ⁸
1667 2586 1786 2637 Jam
1809 2586 2098 2639 consularia
2116 2586 2328 2636 comitia
2351 2585 2443 2634 ud·

1383 2665 1629 2727 petebant
1649 2680 1666 2726 ;
1696 2663 1881 2729 quibus
1904 2670 2088 2725 magna
2107 2661 2441 2711 contentione

1382 2741 1571 2791 habitis
1605 2747 1820 2804 propter
1852 2738 2231 2788 multitudinem
2259 2746 2445 2801 peten-

1382 2818 1532 2884 tium,
1555 2818 1719 2867 creati
1745 2818 1803 2866 L.
1827 2816 2124 2865 Postumius
2143 2812 2363 2864 Albinus
2386 2822 2441 2865 et

1378 2896 1456 2944 Μ.
1479 2894 1740 2959 Popillius
1770 2892 1984 2943 Laenas?
2021 2900 2181 2942 xum.
2214 2895 2265 2942 8.
2296 2893 2438 2942 ‘Co-

1382 2970 1540 3020 mitiis
1564 2970 1772 3030 habitis,
1796 2983 1971 3018 omnes
2006 2969 2234 3033 quinque
2271 2973 2324 3017 et
2349 2968 2441 3016 tri·
2446 3005 2453 3011 .
2553 2975 2557 2979 ·
2636 2984 2641 2989 ·

1383 3049 1528 3110 ginta
1551 3046 1713 3095 tribus
1730 3059 1848 3094 enm
1872 3043 2315 3094 condemnarunt?
2358 3045 2455 3094 ltw

1384 3127 1543 3173 etiam
1584 3121 1783 3170 coneilio
1817 3121 1977 3170 habito
2015 3121 2149 3171 dixit
2184 3134 2322 3171 an.
2354 3127 2439 3172 38.

1384 3199 1650 3250 ‘Concilio
1690 3198 2025 3261 Epirotarum
2077 3196 2279 3262 habito,
2321 3213 2442 3248 cum

1384 3290 1572 3340 magno
1597 3277 1821 3325 omnium
1846 3274 2071 3324 adsensu
2100 3275 2263 3324 auditi
2287 3275 2446 3325 sunt!

1384 3353 1582 3404 Omnes
1613 3358 1784 3402 tame·
1819 3351 1971 3402 codd.
2005 3353 2243 3402 hocloco
2263 3354 2443 3418 vulga·

1386 3438 1498 3480 tum
1519 3435 1746 3479 servant.
1815 3430 1991 3481 Quare
2013 3429 2168 3479 etiam
2187 3429 2313 3485 nihil
2335 3444 2445 3478 mu-

1383 3504 1630 3557 tandum:
1667 3506 1766 3554 nisi
1803 3505 1920 3569 quis
1956 3505 2131 3554 multis
2170 3506 2282 3554 aliis
2312 3505 2441 3553 locis

1385 3584 1606 3638 Livium,
1637 3583 1724 3647 qui
1756 3582 1833 3647 itu
1854 3582 1996 3645 loqui
2021 3582 2234 3642 amavit,
2254 3580 2441 3651 eadem

1385 3660 1585 3708 ratione
1610 3656 1988 3708 emendandum
2022 3661 2275 3705 censeret.
2340 3656 2443 3705 '1¹⁸-

1351 3738 1453 3809 ‘lia
1489 3745 1609 3786 sunt
1646 3751 1734 3787 m.
1767 3740 1818 3785 6.
1852 3734 2107 3785 ‘Comitia
2144 3732 2267 3782 iude
2300 3733 2442 3782 habi-

1385 3821 1457 3865 ta.
1514 3814 1693 3864 Cre-ati
1729 3812 1963 3862 consules
2000 3812 2058 3860 L.
2085 3810 2343 3875 AEbntius,
2378 3811 2442 3858 Ρ.

1385 3891 1633 3941 Servilius
1651 3888 1686 3939 ε’
1721 3888 1818 3937 hoc
1852 3887 1942 3936 lib.
1980 3900 2098 3949 cap.
2144 3901 2253 3950 seq.
2306 3885 2444 3934 ‘Hic

1387 3966 1592 4017 demum
1613 3966 1934 4015 tribunorum
1959 3963 2177 4012 militum
2206 3963 2443 4022 consula·

1389 4045 1430 4092 ri
1456 4049 1716 4106 potestate
1751 4040 1959 4090 comitia
1989 4037 2186 4087 habuit.
2256 4039 2316 4086 L.
2342 4038 2445 4087 Pa-

1389 4120 1596 4183 pirium,
1622 4119 1683 4167 C.
1713 4115 2029 4177 Cornelium,
2052 4116 2154 4164 διο.
2177 4113 2357 4183 creat(
2397 4128 2446 4165 c.

1389 4200 1471 4245 30.
1508 4205 1522 4227 ‘
1539 4194 1763 4244 Comitia
1784 4192 1907 4241 inde
1924 4190 2101 4240 habits
2122 4190 2443 4240 tribunorum

1388 4272 1607 4320 militum
1654 4268 1912 4319 consulari
1944 4273 2224 4329 potestate,
2260 4267 2443 4330 quibus

1389 4356 1619 4413 aequatus
1651 4347 1989 4412 patriciorum
2024 4344 2445 4409 plebeiorumque
