2934 4925
439 507 661 558 alterum
694 519 753 555 eu
787 502 1069 555 omittitur.
1132 500 1280 553 Infra
1309 515 1390 553 ιι.
1410 505 1494 553 44.

436 582 456 613 ‘
474 584 594 636 Qua
614 582 737 633 duci
760 583 992 646 proxime
1010 586 1205 645 potest,
1225 578 1500 645 'expedites

436 654 674 724 legiones
710 659 776 709 ad
815 658 1065 722 collegam
1105 656 1287 708 ducit.’
1338 672 1375 708 r·
1415 659 1500 707 38.

439 738 457 765 ⁸
477 736 633 786 Μαι-ο
671 735 882 799 lapideo
911 735 1109 797 urbem,
1139 749 1240 798 qua
1274 732 1499 782 nondum

441 814 717 876 munierat,
738 813 951 877 cingere
973 810 1162 877 parat)
1228 810 1499 861 Interdum

442 890 787 953 praemittitur
808 890 907 939 alia
926 902 1045 951 vox,
1066 888 1151 939 cui
1175 903 1269 952 qua
1290 903 1392 942 nec
1410 901 1499 952 ge·

440 982 571 1019 nere
612 981 709 1018 nec
749 982 963 1018 numero
1000 964 1264 1019 convenit.
1329 968 1505 1030 Supra

450 1058 501 1094 v.
523 1047 604 1094 47.
637 1049 653 1074 ⁸
672 1044 874 1108 Vigiles
896 1044 1004 1107 ejus
1025 1043 1148 1102 loci,
1181 1057 1279 1108 qus
1300 1041 1499 1093 fefelle-

440 1127 528 1189 rat
561 1120 887 1170 adscendens
926 1121 1111 1184 bostis,
1145 1119 1361 1170 citati:’
1411 1118 1502 1171 ubi

442 1199 596 1263 plura
627 1203 893 1248 notantur.
961 1197 1151 1248 Posset
1188 1198 1367 1263 itaque
1401 1198 1503 1249 bac

441 1274 643 1324 ratione
676 1274 853 1337 lectio,
887 1288 1003 1338 qua
1038 1281 1160 1323 aute
1198 1273 1504 1326 Rhenanam

445 1350 709 1413 exstabat,
744 1349 975 1413 probari,
1005 1355 1063 1399 ut
1095 1365 1153 1400 eu
1179 1363 1276 1413 per
1297 1346 1505 1413 ellipsin

445 1427 695 1477 omissum
729 1434 889 1477 esset.
969 1427 1162 1477 Verum
1205 1441 1308 1476 non
1349 1427 1506 1478 modo

443 1504 585 1555 aliud
610 1504 828 1554 suadent
849 1503 1003 1554 codd.
1024 1503 1327 1568 scripti‚sed
1346 1505 1504 1555 etiam

443 1585 557 1630 eant
570 1581 622 1631 in
629 1579 811 1643 sagam
825 1580 969 1647 effusi
986 1580 1261 1631 admodum
1276 1582 1509 1646 languet,

445 1663 506 1708 et
538 1658 712 1722 potius
745 1659 943 1721 Livius,
977 1659 1022 1709 si
1056 1659 1253 1724 ellipsis
1285 1661 1375 1711 illa
1396 1662 1511 1725 pla·

445 1734 660 1799 cuisset,
691 1735 871 1800 quovis
910 1735 1013 1786 alio
1047 1737 1206 1787 verbo
1242 1752 1364 1788 usus
1383 1737 1509 1789 fuis·

446 1802 549 1862 set·
616 1813 864 1863 Ceterum
898 1818 1139 1862 cessarunt
1177 1812 1257 1863 es't
1292 1814 1345 1864 iu
1380 1815 1510 1867 LoV.

448 1890 500 1936 4.
521 1893 578 1938 et
601 1886 726 1938 edd.
743 1889 891 1939 Rom.
913 1893 1057 1939 1472.
1079 1904 1141 1939 ac
1165 1890 1341 1940 Parm.
1373 1892 1510 1942 Con·

385 1978 393 1985 ·
450 1971 538 2017 tra
557 1964 713 2022 cessit,
749 1980 844 2030 pro
875 1971 1046 2028 cessat,
1078 1966 1200 2016 olim
1234 1981 1510 2031 perperam

448 2041 589 2103 apud
613 2041 794 2091 Silium
818 2042 1014 2092 editum
1031 2040 1211 2100 fuisse,
1232 2042 1511 2096 observant

450 2115 554 2166 viri
574 2116 715 2166 doc'ti
734 2116 800 2167 ad
822 2118 936 2182 ejus
959 2132 1063 2168 xn-
1083 2122 1199 2168 300.
1500 2180 1503 2185 ⁴

517 2192 704 2254 Magna
731 2209 845 2256 pars
878 2200 928 2246 et
957 2194 1011 2243 in
1048 2196 1151 2258 ipso
1170 2197 1443 2260 certamine,
1461 2203 1514 2248 et

447 2271 557 2331 post
578 2268 632 2317 in
652 2267 783 2330 fuga
815 2269 949 2335 σπη’]
990 2269 1223 2332 Mag-nans
1239 2287 1356 2335 pars
1377 2288 1511 2337 prae-

452 2341 561 2394 fert
581 2345 720 2395 Flor.
742 2345 834 2395 sed
858 2346 1035 2396 ultima
1066 2348 1219 2397 litera
1253 2349 1344 2397 τοῦ
1375 2365 1511 2413 mg-

450 2416 566 2470 num
596 2420 786 2473 deinde
824 2436 976 2473 erasa
1006 2429 1107 2476 est.
1174 2423 1256 2475 Au
1279 2423 1417 2477 forts
1437 2426 1509 2478 le·

452 2498 692 2568 gendum,
720 2514 941 2561 mgnum
980 2500 1203 2565 pedm?
1250 2509 1310 2552 nt
1353 2503 1514 2555 verba

454 2575 756 2626 cobaereant
776 2578 792 2605 ‘
819 2577 1019 2640 Volsci,
1036 2580 1136 2628 διο.
1157 2580 1210 2628 in
1235 2593 1407 2630 veram
1431 2580 1514 2630 fu-

454 2665 575 2715 gam
593 2650 766 2713 effusi,
786 2667 1023 2718 maguam
1048 2662 1271 2721 partem,
1288 2659 1391 2709 ὅτε.
1414 2673 1515 2708 coe·

457 2730 503 2780 si
522 2729 536 2750 '
558 2739 696 2781 sunt.
729 2732 867 2781 Vide
892 2731 960 2782 ad
985 2747 1100 2785 xm.
1120 2738 1170 2784 6.
1192 2736 1287 2799 §60
1318 2737 1516 2786 Verum

455 2807 583 2858 nihil
606 2809 924 2861 mutandum.
956 2812 1180 2875 Vulgata
1202 2812 1336 2862 enim
1360 2813 1519 2864 lectio

457 2885 672 2949 elegans
695 2892 747 2936 et
770 2900 892 2936 vere
916 2886 1129 2938 Liviana
1152 2896 1252 2940 est.
1287 2892 1303 2920 ⁴
1320 2891 1520 2950 Volsci,

457 2975 646 3024 magna
694 2977 815 3025 pars
861 2962 1020 3019 caesi,’
1076 2978 1171 3027 pro
1212 2965 1519 3017 Volscorum

457 3049 647 3102 magua
664 3052 782 3101 pars
801 3039 944 3100 cmi,
958 3039 1038 3088 vel
1056 3054 1209 3090 cassa.
1244 3041 1359 3091 Liv.
1378 3035 1521 3093 xxx.

458 3116 541 3166 24.
574 3113 592 3140 ⁶
608 3114 880 3168 Onerariae
900 3130 1021 3179 pars
1046 3118 1269 3167 maxima
1289 3119 1355 3168 ad
1380 3118 1521 3184 Ξεί-

458 3202 680 3252 ιιιιιιιιιιι,
714 3192 830 3240 aliae
867 3192 1112 3242 adversus
1149 3194 1327 3245 urbem
1356 3196 1521 3260 ipsam

462 3264 529 3314 sd
550 3265 760 3318 Calidas
779 3281 936 3331 aquas
952 3267 1137 3319 delatae
1154 3270 1307 3321 suut.’
1342 3286 1522 3323 xxxv.

461 3347 545 3396 11.
575 3343 727 3395 ‘Jam
766 3343 985 3393 inermes
1022 3345 1365 3412 sedentesque
1404 3351 1523 3413 'pars

453 3422 685 3474 ‚maxima
719 3420 1066 3484 spectabant.’
1118 3437 1167 3473 c.
1203 3429 1286 3475 86.
1319 3432 1335 3455 ‘
1357 3426 1524 3478 Pauci

463 3499 617 3548 armis
661 3497 901 3562 abjectis,
946 3513 1066 3561 pars
1109 3501 1355 3565 Tegeam,
1404 3518 1524 3568 pars

463 3574 830 3639 Megalopolim
869 3573 1206 3639 perfugiunt?
1252 3590 1409 3628 xmv.
1437 3582 1524 3630 28.

460 3655 477 3683 ‘
514 3652 645 3718 Equi
682 3666 798 3715 pars
833 3653 886 3700 in
921 3654 1050 3702 mari
1090 3652 1271 3704 fractis
1308 3655 1522 3708 navibus

461 3729 714 3792 absumfi,
748 3729 936 3793 partim
975 3744 1161 3779 nervos
1186 3731 1524 3785 succiderunt

462 3809 519 3859 in
538 3810 692 3860 litore
711 3806 1067 3858 Macedones.’
1098 3807 1232 3858 Vide
1252 3809 1523 3861 Sanctium

464 3887 519 3936 in
543 3887 676 3938 Min.
697 3897 774 3937 lv.
796 3890 847 3935 8.
870 3899 922 3949 ρ.
938 3888 1052 3934 709.
1070 3892 1126 3933 et
1143 3899 1259 3949 quoe
1282 3885 1524 3940 Perizon.

466 3962 661 4012 ibidem
701 3961 921 4017 notavit,
954 3960 1039 4011 ubi
1086 3961 1310 4025 priorem
1351 3963 1524 4015 locum

467 4039 605 4089 Livii
626 4040 827 4102 aliaque
847 4039 998 4102 plura
1019 4052 1083 4086 ex
1101 4053 1165 4087 eo
1184 4038 1393 4090 adtulit.
1426 4042 1525 4092 Ce-

468 4124 634 4166 terum
680 4115 823 4179 prius
872 4120 920 4165 et
964 4129 1235 4179 perperam
1278 4116 1430 4167 deest
1469 4118 1527 4170 in

469 4193 619 4241 Voss.
638 4195 688 4241 2.
708 4197 763 4241 et
786 4190 925 4242 HaV.
989 4190 1127 4240 Vide
1149 4190 1214 4241 sd
1234 4205 1298 4242 ιι.
1318 4195 1404 4245 44.
1426 4195 1455 4259 §
1478 4200 1527 4246 3.

468 4269 601 4322 Tum
634 4269 688 4321 in
703 4267 882 4331 sugam
915 4265 1028 4322 cmi
1054 4268 1206 4321 Voss.
1227 4272 1277 4321 1.
1298 4283 1331 4321 a
1350 4283 1419 4322 m.
1443 4284 1528 4338 pr.

1127 361 1346 411 NOTAE
1395 357 1801 410 VAmoRmt
1850 358 1932 408 IN

1571 500 1699 551 Lov.
1721 505 1771 551 5.
1788 498 1973 562 fragm.
1995 496 2135 551 Hav.
2156 511 2190 548 a
2208 494 2277 549 ιιι.
2300 513 2379 564 ρι’.
2401 493 2462 550 et
2481 488 2630 551 Port-

1572 590 1605 627 a
1625 592 1696 627 m.
1718 592 1824 628 sec.
1856 575 1999 626 occisi
2015 575 2208 637 ἐνείκειε
2227 575 2356 626 Lov.
2370 581 2423 626 4.
2493 574 2629 627 Con·

1571 656 1656 725 trs
1671 667 1797 704 vero
1810 667 1928 703 mox
1941 653 2054 704 eoesi
2068 657 2198 717 stunt,
2221 667 2316 717 pro
2338 654 2483 703 occisi
2501 656 2630 717 sant,

1571 729 1719 780 Port.
1741 731 1834 780 sed
1854 744 1884 779 a
1904 745 1974 779 m·
2000 745 2079 794 pr.
2143 731 2279 780 Nam
2304 732 2503 781 ultimas
2521 730 2633 781 'voci

1572 814 1732 871 notae,
1764 806 1949 872 quibus
1986 805 2184 856 librarii
2209 807 2404 872 aliquid
2429 810 2630 870 expun2

1572 882 1796 947 gendum
1818 897 1934 933 esse
1956 882 2211 945 indicant,
2235 883 2600 945 subjiciuntur.
2622 892 2627 897 ·

1595 996 1603 1003 .
1639 954 2004 1024 cn.xxv.§1
2035 959 2132 1008 Ubi
2150 956 2632 1022 inreeensendiscupss

1573 1036 1713 1100 Civis]
1727 1036 1824 1086 Ubi
1836 1037 2134 1086 recensendis
2147 1036 2349 1099 captivis
2362 1035 2504 1085 Hav.
2530 1036 2611 1084 Ve
2623 1061 2634 1072 ·

1571 1126 1707 1176 rum,
1720 1126 1877 1176 quum
1909 1111 2007 1161 Ubi
2025 1112 2051 1158 ἴ
2064 1111 2361 1162 recensendis
2378 1106 2632 1174 scriptnm'

1574 1188 1782 1247 fuisset,
1814 1188 1946 1240 illud
1965 1194 1988 1238 ἱ
2020 1190 2220 1239 excidit
2241 1190 2310 1238 ob
2341 1189 2635 1239 similitudi⁴

1573 1283 1692 1318 nem
1710 1269 1906 1320 ultimae
1921 1270 2085 1319 litera
2098 1268 2239 1319 vocis
2257 1269 2488 1333 praeced.
2503 1268 2637 1319 Vide

1575 1342 1641 1396 ad
1678 1359 1902 1398 xxxvu.
1939 1351 2022 1398 41.
2061 1349 2090 1411 ᾖ
2121 1351 2170 1397 8.
2237 1347 2436 1397 Omnes
2461 1346 2634 1397 auteni

1575 1423 1761 1487 reliqui
1785 1422 1939 1474 codd.
1960 1422 2379 1488 praepositionem
2403 1431 2640 1486 servant,

1574 1500 1676 1551 nisi
1698 1500 1854 1566 quod,
1876 1501 2044 1551 literis
2066 1500 2292 1564 inperite
2310 1500 2363 1549 in
2383 1515 2543 1551 voces
2564 1500 2640 1549 di·

1576 1577 1719 1633 visis,
1752 1585 1911 1642 atque
1950 1592 2052 1627 uua
2085 1578 2244 1628 litera
2283 1571 2509 1633 mutata,
2547 1577 2642 1627 Ubi

1577 1655 1688 1705 inde
1716 1655 1963 1706 “mendis
1990 1654 2190 1719 captivis
2220 1654 2291 1704 sit
2328 1655 2383 1704 iu
2416 1655 2641 1706 Gaertn.

1579 1732 1731 1796 Saepe
1763 1740 1936 1783 autem
1956 1732 2010 1782 D
2033 1739 2088 1782 et
2108 1733 2161 1781 R
2183 1732 2235 1781 in
2261 1732 2391 1781 Mss.
2415 1745 2640 1781 commu-

1581 1804 1682 1858 tari
1704 1810 1889 1859 solent.
1954 1809 2092 1859 Vide
2114 1808 2181 1858 ad
2203 1822 2283 1859 ιι.
2305 1813 2386 1858 10.
2406 1811 2438 1874 §
2459 1813 2510 1858 6.
2548 1804 2641 1858 Ubi

1580 1884 1635 1935 in
1666 1886 1937 1936 recedendis
1967 1885 2170 1950 captivis
2198 1884 2311 1934 siue
2332 1899 2486 1934 sensu
2510 1898 2643 1949 prae·

1581 1959 1688 2011 fert
1707 1962 1837 2012 Lov.
1858 1967 1908 2013 5.

1646 2037 1835 2088 Secreti
1852 2038 1913 2088 ab
1931 2038 2043 2088 aliis
2070 2041 2136 2089 ad
2162 2037 2378 2089 tribunos
2400 2040 2642 2088 adducun-

1583 2115 1688 2180 tur]
1723 2115 1950 2178 Separati
1971 2115 2030 2164 ab
2057 2116 2170 2166 aliis
2194 2116 2245 2166 in
2269 2117 2504 2180 margine
2529 2114 2642 2166 cod.

1583 2191 1892 2243 oxoniensis
1927 2194 2000 2244 N.
2034 2208 2165 2253 esse,
2197 2194 2446 2245 observat
2480 2193 2645 2243 Hear-

1583 2268 1728 2332 nius;
1762 2284 1877 2334 quae
1906 2269 2078 2333 potius
2108 2268 2410 2334 interpretis
2443 2269 2648 2334 ex'posi·

1585 2344 1662 2395 tio
1694 2346 2010 2410 marginalis,
2043 2361 2196 2410 quam
2228 2345 2470 2396 codicum
2501 2338 2647 2396 varia

1584 2423 1859 2489 scriptura,
1895 2423 2134 2475 habenda
2172 2423 2397 2478 videtur.
2487 2418 2560 2474 Τὰ
2590 2420 2649 2473 ‹1‘1›

1585 2501 1699 2552 aliis
1719 2501 1909 2551 desunt
1932 2501 1985 2550 iu
2009 2502 2230 2554 Gaertn.
2273 2502 2441 2551 Male.
2483 2501 2650 2565 Supra

1588 2592 1678 2630 111.
1699 2582 1780 2629 36.
1812 2578 1829 2607 ‘
1854 2577 2221 2644 Inpotentibus
2251 2578 2496 2628 instructi
2527 2592 2650 2628 con·

1589 2651 1739 2718 siliis,
1753 2671 1871 2722 quse
1886 2664 2092 2706 secreto
2110 2656 2176 2706 ab
2192 2656 2305 2706 aliis
2322 2653 2650 2720 coquebant?

1590 2744 1796 2783 xxxix.
1845 2736 1924 2781 10.
1970 2733 1987 2761 ⁴
2010 2732 2145 2782 Haec
2199 2733 2384 2783 amoris
2434 2733 2650 2797 pignora

1589 2824 1746 2874 quum
1767 2814 1959 2871 esseut,
1973 2823 2073 2859 nec
2091 2808 2371 2873 quidquam
2391 2803 2652 2859 secretum

1591 2887 1727 2937 alter
1744 2885 1813 2936 ab
1828 2887 1993 2936 altero
2015 2884 2270 2937 haberet-⁹
2314 2900 2394 2936 nr.
2415 2890 2501 2937 27.
2519 2887 2536 2915 ‘
2551 2887 2647 2936 Iao·

1591 2978 1712 3015 cum
1754 2964 1976 3014 maxime
2015 2971 2273 3014 secretum
2317 2963 2384 3013 ab
2426 2953 2649 3014 tumultu¹

1593 3038 1765 3104 petit.'
1848 3039 2046 3089 Eodem
2095 3054 2250 3089 sensu
2305 3038 2322 3067 ‘
2344 3036 2649 3090 secernere'

1593 3116 1691 3168 boc
1712 3115 1805 3166 lib.
1828 3119 1874 3167 c.
1900 3120 1981 3166 10.
2015 3116 2035 3145 ‘
2058 3116 2203 3167 Mitti
2223 3125 2398 3168 tamen
2421 3116 2489 3166 ad
2512 3116 2647 3181 prin·

1594 3194 1738 3258 cipes
1768 3207 1942 3242 eorum
1981 3192 2191 3256 placuit,
2223 3199 2282 3243 nt
2312 3198 2648 3244 secernerent

1595 3283 1653 3319 se
1703 3270 1773 3319 ab
1826 3270 2119 3322 Etruscis?
2172 3271 2261 3321 ubi
2315 3272 2466 3335 plura
2521 3271 2652 3321 vide.

1596 3360 1800 3397 xxxiv.
1820 3350 1903 3397 44.
1934 3346 1951 3375 ‘
1975 3348 2047 3399 Ut
2069 3348 2178 3398 loca
2198 3350 2463 3399 senatoria
2483 3363 2649 3399 secer-

1597 3431 1781 3472 nerent
1804 3438 1835 3472 a
1860 3422 2083 3488 populo.’
2129 3423 2337 3474 Deinde
2358 3428 2423 3475 ad
2442 3424 2653 3475 tribum
2710 3465 2719 3474 .

1595 3500 1801 3550 militum
1839 3501 2057 3550 Hearnii
2100 3501 2414 3552 oxoniensis
2454 3502 2517 3553 C.
2553 3505 2651 3552 Ve-

1597 3593 1730 3643 rum,
1769 3578 1982 3643 reliquis
2022 3579 2257 3629 omuibus
2290 3581 2527 3630 ultimam
2569 3595 2653 3630 vo·

1596 3657 1711 3705 cem
1743 3655 2119 3719 ignorantibus,
2142 3671 2256 3706 eam
2288 3658 2446 3708 etiam
2482 3673 2549 3709 ex
2583 3660 2656 3708 in·

1598 3733 1886 3800 terpretutn
1922 3732 2326 3795 interpolatione
2361 3742 2453 3784 aut
2483 3735 2657 3798 glossa

1598 3818 1869 3874 receptam
1890 3815 2036 3875 puto.
2103 3811 2343 3874 Denique
2369 3798 2658 3861 abducuntur·

1595 3885 1780 3950 fragm.
1804 3886 1942 3936 Har.
1964 3901 1996 3936 a
2016 3901 2087 3936 m.
2108 3901 2199 3950 ρι.
2254 3885 2400 3936 Alibi
2422 3903 2564 3952 saepe
2584 3889 2658 3938 ita

1600 3972 1852 4027 peccatur
1874 3964 1927 4014 in
1948 3964 2080 4016 Mss.
2126 3963 2264 4014 Vide
2287 3964 2354 4014 ad
2376 3979 2563 4015 xxvn.
2579 3969 2656 4015 29.

1598 4043 1628 4107 ς
1651 4046 2333 4183 Ιίἓεισιιιιοίαιιίίῠωᾳαοίαεοί,
2350 4120 2536 4183 publico
2552 4114 2653 4169 conss

1598 4196 1707 4246 silio
1744 4211 1796 4246 se
1830 4195 2084 4259 militasse]
2130 4194 2252 4246 Alia
2289 4196 2655 4261 orthographia

1595 4271 2013 4339 percontantibus
2045 4273 2103 4325 in
2128 4272 2330 4339 'optimo
2369 4273 2512 4325 Flor.
2541 4270 2658 4339 legi,
