2934 4925
720 412 792 463 Τ.
839 414 1033 467 mvn
1083 420 1282 471 nisr.
1333 424 1482 478 un.-
1527 429 1811 486 v„cAr·.
1853 421 1963 488 12.

262 547 436 610 passim
466 551 856 619 particulaejam
889 567 943 611 et
963 576 1074 613 uam
1097 564 1147 613 in
1170 567 1309 617 Mss:

260 622 531 678 confundi.-
579 629 714 680 Vide
737 633 920 686 ad-tx.
944 641 1029 689 17.
1049 642 1077 703 §
1099 645 1149 692 ὅ.
1200 642 1304 694 Hic

261 707 418 749 tamen
456 699 583 753 nihii
618 714 784 760 muto.
852 714 986 764 Nam
1010 717 1101 767 his
1128 720 1303 771 verbis

258 790 344 838 per
363 787 540 842 partes
564 786 813 852 ostendit,
829 791 965 853 quod
987 794 1141 844 modo
1158 797 1313 853 dixe·,

257 860 348 916 rat,
370 856 507 906 nullo
532 858 667 910 bello
689 863 754 913 ad
779 868 973 918 exitum
989 871 1063 920 rei
1084 887 1304 935 perven-

257 935 354 979 tum
376 947 511 995 esse,
536 936 662 988 licet
697 939 779 991 res
815 945 1015 997 militiae
1051 964 1302 1015 prospere

254 1018 563 1071 gererentur.
634 1019 880 1071 Ceterum
912 1040 1024 1076 nam
1061 1017 1195 1079 Veiis
1216 1032 1311 1080 ira-t

253 1083 369 1135 bent
391 1088 539 1138 Harl.
562 1094 613 1140 2.
635 1094 786 1147 Port.
810 1106 866 1150 et
897 1102 1034 1151 Hav·
1098 1105 1303 1158 Deinde

252 1175 345 1222 quoe
360 1164 645 1218 amisseraut
659 1179 798 1223 erunt
816 1183 896 1226 est
914 1176 966 1226 in
984 1179 1108 1229 [ιον.
1125 1186 1175 1230 2.
1197 1198 1302 1247 qnoe

250 1229 490 1292 amiserant
512 1242 567 1294 in
589 1249 824 1311 margine
846 1252 996 1304 Voss.
1019 1258 1066 1305 1.
1092 1297 1098 1307 .
1124 1256 1211 1307 De
1233 1260 1300 1309 si·

249 1309 442 1365 milibus
477 1323 746 1375 erroribus
772 1331 958 1390 passim
991 1332 1159 1383 obviis
1180 1336 1299 1386 vide

250 1389 308 1437 ad
329 1403 500 1443 xxm.
522 1400 610 1447 29.
634 1401 663 1463 ς
688 1403 768 1451 16.
788 1413 846 1454 et
874 1406 939 1456 ad
968 1409 1111 1472 Epit.
1133 1411 1223 1462 lib.
1245 1425 1297 1463 r..

248 1466 363 1518 Mox
382 1478 502 1521 cast.
522 1478 917 1546 proesidiisfirm.
940 1486 1089 1539 Harl.
1108 1492 1157 1537 2.

302 1546 556 1600 Proeerunt
575 1553 760 1606 tribuni
780 1560 985 1610 militum
1005 1564 1084 1613 M.
1104 1565 1297 1616 AEntilt‘·

244 1635 296 1671 us
311 1628 358 1672 et
381 1626 443 1681 Q.
463 1628 677 1696 Fabius]
726 1633 791 1683 In
814 1635 995 1687 horum
1028 1642 1297 1704 magistra-

244 1704 317 1748 tus
333 1703 605 1753 creatione
633 1707 692 1757 G.
709 1709 893 1761 Fabius
904 1714 1295 1780 Ambustuo,·nou

246 1774 302 1830 Q.
325 1773 862 1844 Fabius,.nominatur.
916 1790 1003 1842 Ita
1024 1802 1081 1843 et
1103 1794 1153 1843 iu
1178 1810 1296 1859 pos·

239 1851 501 1904 terioribus
520 1872 537 1903 τ
575 1873 735 1923 quare
759 1864 859 1914 hoc
893 1868 956 1924 Q.
977 1878 1295 1934 suspectum·

240 1924 332 1975 Sed
354 1928 417 1978 de
442 1932 510 1980 0.-
526 1934 642 1984 sive
670 1938 762 1989 Gn.
790 1942 1009 1995 Cornelio
1021 1948 1133 2010 Jam
1154 1965 1296 2014 saepe

243 2001 608 2060 admonuimus.
645 2013 789 2065 Gtar.
850 2019 992 2084 Lege
1017 2024 1080 2072 M
1086 2024 1117 2073 '.
1138 2027 1294 2076 Επεὶ·

241 2077 322 2127 lius
339 2087 385 2130 et
415 2083 490 2134 K.
516 2086 724 2139 Fabius.
767 2092 893 2145 ,Hic
923 2105 1003 2146 est
1026 2100 1182 2166 enim,
1205 2103 1294 2168 qui

243 2154 289 2202 iu
304 2160 531 2214 comitiis
558 2164 707 2229 hujus
729 2173 849 2220 anni
886 2173 1239 2227 describendis
1263 2196 1296 2230 a

240 2230 374 2281 Livio
412 2249 461 2284 c.
499 2242 588 2288 10.
626 2242 683 2292 C.
718 2244 897 2297 Fabius
934 2251 1086 2315 vulgo
1118 2254 1292 2306 dictus

239 2315 333 2370 est3
363 2310 543 2377 itaque
568 2318 696 2368 satis
718 2322 891 2374 mirari
928 2340 1031 2377 non
1062 2344 1293 2396 possum,

240 2394 321 2432 cur
351 2386 442 2436 hos
477 2391 628 2443 locos
663 2398 1026 2453 emendatores
1064 2406 1152 2456 isti
1190 2422 1310 2459 non‹

239 2457 615 2520 concordarint.
684 2474 794 2533 Nos
819 2487 994 2532 autem
1018 2499 1179 2548 supra
1202 2487 1310 2537 liu-2

232 2537 310 2600 jus
323 2547 668 2601 correctionis
688 2552 936 2605 rationem
953 2559 1291 2614 reddidimus.

237 2613 386 2678 Sigara
424 2622 547 2671 Tum
564 2635 807 2687 proeerant
832 2631 983 2683 Harl.
996 2639 1045 2685 2.
1069 2637 1292 2691 Gaertn.

237 2691 372 2759 Port.
392 2697 533 2750 Hav.
573 2710 631 2751 et
659 2702 847 2770 fragm.
880 2709 1018 2762 Hav.
1040 2727 1074 2762 a
1094 2729 1165 2765 m.
1187 2733 1303 2769 secr

236 2769 331 2821 Sed
375 2772 520 2827 forte
568 2782 752 2831 vocula
788 2784 902 2835 baec
943 2795 1069 2840 nata
1104 2799 1185 2843 est
1225 2809 1291 2844 ex

236 2850 475 2908 proximae
502 2855 650 2904 vocis
674 2858 873 2921 syllaba
901 2861 1062 2916 finali.
1128 2868 1292 2920 Cleri·

233 2929 448 2993 ous,·‚qui
486 2947 651 2996 supra
683 2949 731 2986 e.
760 2941 839 2987 10.
863 2942 892 3006 ς
917 2945 964 2991 1.
1025 2944 1290 3009 sigonium

236 3009 435 3053 secutus
478 3008 658 3058 Mom'o
690 3012 889 3064 AEmilio
921 3018 1179 3084 ediderat,
1206 3027 1290 3077 hic

233 3081 395 3127 tamen
417 3071 638 3139 exhibet
651 3087 728 3137 M.
743 3090 987 3158 AEmilius‚
999 3098 1136 3161 quod
1151 3098 1290 3154 forte

235 3166 493 3216 operarum
524 3165 691 3212 errori
714 3165 1062 3223 tribuendum.
1129 3178 1289 3231 Cete-

235 3244 333 3279 rum
349 3234 507 3285 codd.
530 3252 708 3290 omnes
729 3241 780 3293 iu
797 3248 1091 3301 mendosam
1106 3252 1290 3306 lectio·

236 3321 342 3358 nem
366 3312 429 3367 Q.
452 3313 635 3364 Fabius
658 3319 1068 3380 pertinacissime
1084 3333 1289 3395 conspi-

235 3393 423 3444 rarunt,
447 3389 547 3438 nisi
571 3393 709 3454 quod
733 3402 1028 3463 corruptius
1054 3406 1291 3462 Quincins

239 3461 401 3513 Fabius
423 3466 496 3514 sit
521 3466 572 3516 in
593 3469 722 3520 Lov.
738 3474 788 3520 2.
819 3475 1072 3530 Voculam
1083 3488 1134 3531 et
1152 3485 1289 3535 inter

230 3536 437 3592 'duorum
482 3541 805 3597 tribunorum
845 3555 1053 3605 nomina
1087 3562 1288 3615 omittit

236 3613 352 3667 Lov.
373 3622 499 3670 4.ac
521 3625 780 3676 nonnullae
805 3641 871 3680 ex
895 3632 1016 3684 edd.
1040 3637 1287 3706 principi·

236 3688 339 3742 bus.
616 3708 621 3715 “
722 3712 727 3718 ’

290 3771 317 3835 §
338 3776 368 3820 5
399 3775 479 3825 M.
503 3777 656 3828 Furio
673 3778 727 3830 in
743 3782 967 3851 Faliscis,
982 3795 1031 3839 et
1054 3793 1144 3843 Cn.
1163 3794 1302 3844 Cor--

233 3850 346 3898 aelio
365 3852 417 3904 iu
445 3856 685 3921 Capenate
698 3876 816 3923 agro
830 3865 987 3917 hostes
1006 3871 1129 3921 nulli
1143 3880 1284 3925 extro
1326 3870 1329 3875 ’

233 3927 390 3976 moeaia
411 3929 614 3996 inventi]
665 3937 843 3990 Scribe
872 3959 905 3991 a
942 3946 1019 3995 M.
1042 3948 1194 3999 Furio
1229 3953 1283 4004 in

234 4000 338 4050 Fal.
358 4011 405 4053 et
431 4008 523 4058 Cn.
548 4010 697 4073 Corn.
716 4015 753 4065 ἰ.
781 4010 904 4067 C.'a.
926 4022 974 4071 Ιι.
993 4039 1042 4074 a.
1057 4041 1098 4075 e.
1122 4043 1188 4080 m.
1205 4029 1280 4078 in·

233 4083 371 4132 tenti.
412 4086 643 4138 Rhenan.
710 4092 1027 4161 Praepositio
1053 4120 1103 4166 a,
1124 4122 1277 4170 quam

235 4154 495 4212 Rhenanus
521 4167 745 4232 addidit,
768 4172 919 4226 abest
938 4178 1003 4227 ab
1027 4184 1279 4239 omnibus.

236 4234 410 4292 quibus
429 4252 545 4290 usus
565 4233 712 4310 'sum‚
747 4249 1156 4320 codd.-scriptis‚
1178 4261 1278 4311 nisi

237 4311 358 4371 qnod
392 4313 445 4364 in
480 4319 628 4373 Voss.
653 4327 698 4372 1.
734 4328 995 4393 eustiterit
1028 4349 1159 4386 aim.
1193 4353 1301 4403 pr„-

2261 433 2446 501 7575·

1378 570 1569 622 deinde
1587 576 1654 626 ab
1670 578 1772 629 alia
1790 583 2136 638 emendatrice
2154 602 2442 657 expuncta,

1378 657 1430 698 et
1454 652 1592 716 quod
1626 655 1739 717 ejus
1771 658 1889 710 loco
1920 662 2112 714 habeat
2146 669 2329 725 Quinto
2357 673 2438 722 M.

1379 725 1532 776 Furio
1566 728 1789 782 Gaertn.
1843 736 1978 787 Vide
2010 742 2074 790 ad
2103 757 2183 793 vr.
2218 751 2296 796 11.
2334 749 2432 809 §4.

1378 800 1642 854 Praeterea
1660 806 1735 857 M.
1752 809 1930 861 Furius
1944 814 2122 866 ianul.
2136 824 2186 869 et
2206 822 2263 873 C.
2286 825 2434 875 cm.

1376 876 1527 927 Port.
1544 888 1599 930 et
1623 881 1760 935 Hav.
1796 889 1871 940 Μ.
1889 890 2070 943 Furias
2082 896 2134 945 ia
2150 896 2253 948 Fal.
2270 906 2319 950 et
2340 904 2434 952 Gn.

1380 956 1522 1004 cm.
1541 958 1669 1008 Lov-
1688 964 1739 1010 4.
1759 968 1809 1012 6.
1843 980 1875 1015 a
1905 981 1973 1017 m.
1994 983 2100 1020 sec.
2125 980 2177 1023 et
2211 976 2360 1028 Harl.
2382 984 2433 1031 2.

1375 1031 1454 1081 Μ.
1476 1033 1627 1084 Furio
1659 1038 1711 1087 in
1746 1039 1858 1092 Fal.
1883 1044 2102 1097 Cornelio
2124 1050 2249 1104 Lov.
2271 1059 2314 1104 1.
2351 1057 2431 1107 M.

1379 1107 1532 1159 Furio
1553 1111 1604 1161 in
1639 1114 1749 1166 Ful.
1793 1120 1886 1170 Gn.
1924 1123 2069 1175 cm.
2102 1127 2250 1179 Voss.
2274 1136 2320 1181 1.
2354 1135 2437 1185 Μ.

1377 1184 1531 1235 Furio
1551 1188 1602 1237 in
1625 1190 1732 1243 Ful.
1752 1195 1810 1243 C.
1823 1198 1968 1248 Corn.
1982 1200 2198 1255 Gaertn.
2215 1214 2271 1257 et
2287 1209 2433 1260 Leid.

1374 1264 1425 1311 2.
1476 1264 1552 1315 Μ.
1576 1266 1727 1318 Furio
1759 1273 1813 1321 in
1845 1274 1956 1326 Fal.
1978 1284 2026 1328 et
2054 1281 2112 1329 C.
2138 1282 2284 1333 Corn.
2304 1286 2434 1338 Lov.

1374 1340 1425 1389 2.
1463 1347 1517 1390 et
1550 1340 1736 1409 fragm.
1770 1350 1908 1402 Hav.
1946 1369 2063 1405 cum
2101 1360 2285 1422 priscis
2309 1364 2430 1415 edd.

1373 1415 1510 1466 Vide
1545 1419 1610 1469 ad
1644 1437 1691 1473 c.
1714 1429 1793 1476 10.
1819 1429 1847 1492 §
1871 1432 1919 1479 1.
1985 1434 2112 1484 Tum
2146 1438 2198 1485 in
2234 1441 2442 1507 Campo·

1371 1496 1486 1540 riute
1504 1508 1623 1556 agro
1644 1498 1863 1553 Gaertn.
1908 1506 2161 1576 Denique·
2173 1515 2272 1564 inc.
2292 1525 2434 1570 extra

1370 1571 1544 1640 moent'a
1579 1574 1678 1625 alio
1715 1579 1898 1632 ordine
1932 1584 2081 1637 Harl.
2104 1592 2154 1639 2.
2190 1592 2340 1645 Port.
2373 1605 2431 1649 et
2519 1583 2524 1589 ⁵

1371 1645 1512 1697 Hav.

1436 1718 1766 1794 lucen-diique
1784 1734 2007 1790 villarum
2028 1758 2086 1793 ac
2095 1743 2304 1809 frugum
2322 1765 2430 1802 vus·

1369 1802 1626 1870 tutifines]
1660 1808 1901 1864 Incendit}
1919 1818 2156 1887 villarum,
2175 1826 2284 1877 sine
2308 1844 2429 1892 par·

1370 1878 1528 1929 ticula
1548 1898 1657 1948 que,
1679 1886 1815 1940 Hav.
1838 1903 1894 1943 et
1915 1896 2035 1946 edd.
2053 1902 2255 1963 priscae.
2312 1906 2440 1957 Pri·-

1369 1968 1483 2006 mns
1526 1974 1638 2009 eam
1679 1964 1879 2019 addidit
1909 1971 2095 2036 Aldus,
2126 1986 2180 2027 et
2216 1991 2428 2034 servant

1370 2032 1526 2084 etiam
1552 2039 1738 2106 reliqui
1762 2046 1961 2111 scripti.
2029 2054 2231 2105 Deinde
2247 2064 2296 2109 et
2312 2060 2428 2120 fra·

1362 2123 1482 2171 gum
1502 2112 1642 2166 HaV.
1698 2118 1887 2172 Postea
1923 2130 2050 2178 vasti
2060 2131 2191 2195 fines
2208 2135 2357 2186 Harl.
2378 2141 2427 2187 1.

1367 2190 1623 2249 quomodo
1637 2197 1925 2259 soepissime
1942 2204 2072 2269 lapsi
2092 2215 2213 2258 sunt
2230 2211 2431 2266 indocti

1368 2262 1588 2319 librarii.
1643 2271 1780 2325 Vide
1800 2278 1866 2327 ad
1892 2294 2059 2333 xxm.
2082 2290 2163 2336 30.
2187 2289 2216 2352 ς
2238 2293 2287 2340 7.
2319 2307 2428 2342 vas-

1367 2340 1506 2391 rituti
1515 2344 1643 2411 fines
1663 2350 1816 2402 Voss»
1835 2359 1885 2404 2.
1932 2358 2014 2408 Ita
2034 2361 2206 2412 Vales.
2222 2380 2289 2415 ex
2311 2368 2427 2418 cod.

1369 2415 1604 2471 Colbert.
1621 2421 1677 2473 in
1697 2425 1868 2481 Amm.
1894 2433 2059 2487 edidit
2080 2450 2197 2490 xvi.
2218 2445 2266 2492 4.
2299 2450 2314 2473 ·
2334 2443 2429 2494 Ul-

1369 2494 1495 2544 tima
1533 2502 1832 2561 squalentes
1871 2508 2047 2574 inopia
2086 2522 2240 2568 terrae
2285 2535 2428 2588 saepe
2493 2543 2502 2557 ¹

1367 2573 1679 2626 vastitataet’
1707 2587 1764 2630 et
1786 2582 1920 2633 idem
1944 2589 2101 2638 etiam
2118 2593 2170 2642 in
2187 2595 2301 2646 cod.
2323 2598 2427 2647 Va·

1348 2647 1568 2702 lentino
1604 2654 1870 2710 Pithoeum
1915 2664 2169 2719 invenisse
2210 2675 2429 2726 monuit.

1369 2723 1477 2776 Hic
1506 2734 1676 2781 tamen
1698 2737 1873 2797 potins
1895 2741 2219 2797 librariorum
2243 2765 2428 2814 pecea-

1370 2807 1479 2853 tum
1521 2815 1668 2874 puto,
1703 2813 1826 2876 quia
1869 2818 2050 2884 reliqui
2092 2825 2426 2900 codd5stant

1369 2890 1469 2941 pro
1507 2882 1650 2934 edita
1687 2888 1926 2942 lectione.
1989 2895 2125 2947 Vide
2158 2900 2224 2950 ad
2260 2915 2318 2952 x.
2339 2908 2425 2956 37.

1367 2954 1398 3018 §
1419 2959 1471 3004 2.

1434 3032 1629 3100 oppida
1669 3055 1754 3091 nec
1793 3044 2080 3111 obpugnata,
2120 3069 2206 3106 nec
2240 3057 2446 3110 obsessa‘

1364 3110 1502 3174 sunt]
1557 3113 1748 3167 Similis
1784 3119 1895 3171 fere
1930 3126 2074 3178 locus
2112 3138 2192 3182 est
2222 3147 2303 3185 tv.
2342 3137 2426 3189 21.

1366 3184 1383 3212 ‘
1406 3188 1681 3241 Exercitus
1726 3196 1780 3245 in
1825 3214 2005 3264 agrum
2050 3208 2319 3262 Veientem
2359 3228 2424 3266 ac

1368 3260 1628 3316 Faliscum
1662 3270 1846 3324 ducti:
1881 3281 2070 3342 praedae
2105 3287 2306 3338 abactae
2332 3289 2424 3340 ho·

1364 3339 1556 3391 minum
1596 3361 1971 3418 pecorumque=
2006 3358 2165 3411 hostis
2201 3364 2251 3413 iu
2284 3366 2422 3429 agris

1363 3427 1616 3480 nusquam
1656 3420 1916 3492 inventus,
1950 3446 2118 3499 neque
2158 3442 2423 3504 pugnandi

1361 3493 1516 3555 copia
1548 3493 1708 3569 facta.
1777 3501 1952 3555 Urbes
1989 3518 2163 3562 tamen
2188 3530 2291 3566 non
2328 3519 2422 3568 ob·

1362 3573 1645 3631 pugnatae.'
1710 3577 1817 3628 Sed
1847 3597 1954 3648 opp.
1984 3586 2089 3651 obp.
2125 3606 2211 3641 nec
2237 3594 2446 3646 obsessa·

1360 3653 1477 3694 sunt
1495 3662 1673 3700 omnes
1695 3655 1847 3708 codd.
1872 3662 1990 3721 mei,
2014 3665 2108 3714 nisi
2133 3669 2268 3731 quod
2292 3673 2422 3736 oppi-

1359 3726 1422 3775 da
1443 3728 1758 3793 obpugnatum
1781 3736 1879 3787 loco
1900 3742 1997 3790 ulto
2018 3745 2184 3810 situm,
2206 3751 2418 3816 reliquis

1359 3807 1544 3857 mediis
1566 3813 1787 3877 omissis,
1802 3816 1995 3870 habeat
2014 3822 2218 3878 Harl-1.
2243 3843 2419 3883 errore

1357 3883 1567 3950 scribae,
1590 3889 1671 3938 cui
1693 3905 1876 3944 vocum
1893 3896 2160 3962 obpugnata
2174 3916 2227 3954 et
2243 3908 2420 3973 obpug-

1356 3965 1523 4010 natum
1546 3967 1795 4028 repetitio
1819 3971 2061 4036 inposuit.
2094 3980 2226 4031 Vide
2249 3983 2313 4033 ad
2334 3999 2416 4036 rx.

1357 4037 1438 4084 11.
1457 4038 1486 4099 §
1508 4042 1583 4088 ll.
1600 4049 1831 4095 attamen
1848 4050 1927 4098 vel
1947 4051 2022 4101 sic
2042 4054 2237 4108 isidem
2256 4062 2418 4114 etiam

1353 4115 1604 4177 ostendit,
1625 4116 1685 4167 τὸ
1710 4135 1795 4171 m
1827 4138 1929 4174 nou
1962 4126 2122 4180 fuisse
2156 4134 2209 4184 in
2243 4150 2418 4189 exem-

1355 4189 1506 4251 plari,
1531 4193 1665 4242 unde
1704 4195 1996 4264 descriptus
2035 4216 2129 4259 est.
2196 4211 2265 4260 Et
2297 4229 2416 4265 sen·

1354 4277 1456 4327 sus,
1480 4279 1691 4333 recepta
1713 4272 1811 4324 hac
1837 4278 2079 4345 lectione,
2103 4289 2262 4336 statui
2296 4305 2411 4353 pos·
2439 4308 2444 4314 ·

1350 4334 1451 4407 set,
1470 4345 1931 4413 ducesRomanos,
1949 4359 2034 4422 qui
2060 4375 2121 4410 ea
2135 4373 2284 4425 parte
2305 4367 2411 4418 bel-
2431 4372 2446 4393 ²
