2934 4925
377 438 382 449 ,
476 376 654 445 ’7972

479 536 791 588 Indis-autur
823 535 958 587 euim
990 536 1007 565 ‘
1032 536 1241 587 comitis
1275 539 1536 589 centuria·

477 608 570 670 tal
594 629 709 680 quae
745 629 845 664 uon
878 613 1138 671 eonsilium,
1160 614 1250 665 sed
1273 616 1538 680 eoneilinns,

477 691 653 741 vocari
677 691 891 740 debent.
930 689 1063 740 Vide
1086 691 1316 741 GronoV.
1335 692 1401 742 nd
1426 693 1539 743 Liv.

477 780 637 817 κων.
661 771 712 817 2.
736 769 764 832 §
787 773 837 817 6.
902 768 1031 816 Tum
1068 767 1295 830 inditum,
1332 782 1429 832 pro
1459 770 1538 820 in·

475 843 673 900 dictans,
698 844 848 893 Voss.
875 848 921 893 l.
960 859 1076 908 qne
1112 845 1271 895 verba
1303 859 1446 910 saepe
1480 845 1537 895 li·

475 919 632 970 brarii
673 921 725 970 in
768 920 903 979 Mss.
938 927 1339 971 commutarunt.
1396 920 1537 972 Vide

474 995 538 1046 sd
564 1010 653 1047 ιιι.
674 1001 757 1046 65.
787 997 816 1061 ς
838 1000 889 1047 4.

539 1073 620 1122 Ibi
642 1074 818 1122 crimen
836 1074 1005 1134 caluit,
1023 1078 1069 1124 et
1089 1073 1343 1123 obstinatis
1362 1073 1538 1124 aninsis

470 1148 610 1199 triste
628 1149 869 1211 ,indie-iun·
888 1150 1208 1213 invisumque]
1247 1150 1341 1200 Ubi
1357 1151 1537 1201 crimen

471 1226 624 1276 valuit
646 1227 774 1276 Lov.
794 1230 842 1275 2.
867 1234 920 1276 et
945 1225 1131 1290 fragm.
1154 1227 1292 1276 Hav.
1309 1241 1425 1291 quse
1445 1236 1535 1277 va·

470 1302 629 1353 rietus
673 1304 725 1353 in
765 1304 973 1368 scriptis
1014 1304 1202 1367 passim
1239 1303 1394 1354 obvia
1435 1310 1535 1356 est.

471 1381 608 1432 Vide
649 1383 714 1432 nd
750 1395 939 1432 xxvn.
975 1387 1024 1431 6.
1061 1383 1089 1446 ς
1127 1386 1175 1432 2.
1243 1382 1322 1431 Ibi
1354 1381 1536 1432 crimen

468 1457 638 1506 maluit
659 1457 796 1507 Hav.
847 1457 981 1507 Vide
1002 1458 1066 1507 ad
1085 1470 1311 1508 xxxvn.
1332 1461 1412 1508 54.
1436 1460 1464 1522 §
1482 1462 1533 1508 2.

469 1533 677 1582 Deinde
694 1535 1076 1596 tristejudieium
1087 1534 1271 1596 jussum
1284 1539 1374 1591 est,
1388 1534 1534 1584 eliani

457 1606 700 1667 ,iudicibus
716 1610 907 1669 sactum
949 1609 1095 1659 Voss.
1130 1614 1180 1660 2.
1222 1616 1277 1660 et
1321 1611 1449 1660 Lov.
1485 1612 1534 1660 3.

467 1682 484 1706 ‘
507 1685 722 1736 Jnssus’
763 1692 818 1736 et
860 1685 1088 1747 ‘iuisus,’
1123 1687 1232 1736 sive
1266 1687 1283 1715 ‘
1305 1686 1532 1748 invisus,'

468 1774 648 1824 parum
673 1762 936 1821 differunt,
961 1771 1016 1814 et
1045 1763 1199 1813 facile
1227 1763 1532 1815 commutari

470 1845 775 1901 potuerunt.
841 1840 1038 1890 Eadem
1083 1841 1285 1890 ratione
1323 1842 1339 1869 ⁴
1366 1840 1530 1890 iusse-

466 1914 565 1963 rit'
598 1923 651 1963 et
685 1917 699 1942 ⁸
723 1916 966 1978 iusserit,’
998 1916 1049 1965 id
1098 1923 1177 1966 est
1210 1919 1226 1946 ‘
1250 1916 1533 1979 inusserit,'

418 2023 426 2030 -
465 1991 788 2048 commutari,
814 1991 1100 2041 videbimus
1127 1992 1192 2041 ad
1223 2006 1301 2042 rx.
1321 1997 1371 2043 3.
1394 1995 1422 2058 §
1446 1996 1528 2043 13.

528 2070 643 2132 §12
678 2067 821 2124 Sunt,
867 2069 949 2131 qui
992 2069 1286 2134 duumviros]
1320 2071 1401 2120 Ex
1437 2083 1528 2118 vo-

453 2143 739 2192 luminibus
784 2144 913 2195 Mss.
958 2146 1217 2210 antiquius
1267 2146 1427 2196 habet
1472 2154 1527 2198 et

415 2271 422 2278 ,
462 2220 787 2269 emendatius
831 2220 956 2271 Sunt
997 2223 1080 2285 qui
1118 2236 1203 2284 per
1231 2220 1524 2272 duumiros.

462 2298 637 2348 Quare
685 2299 762 2347 nic
802 2298 917 2362 lego
962 2307 1020 2349 et
1065 2298 1360 2362 distinguo:
1396 2294 1527 2351 Su'nt

459 2373 543 2435 qui
560 2388 646 2435 per
664 2374 951 2437 duumuiros,
970 2376 1053 2438 qui
1073 2378 1133 2425 de
1153 2379 1285 2439 perd.
1305 2370 1522 2441 anquire-

457 2455 565 2500 rent
606 2455 805 2512 creatos,
842 2456 1056 2501 auctores
1095 2451 1194 2501 sint
1233 2454 1524 2504 damnatum.

464 2526 595 2575 Mb.
618 2529 675 2576 de
694 2541 811 2576 saxo
836 2527 1032 2591 Tarpeio
1052 2528 1147 2589 dei.
1212 2529 1404 2579 Sensus
1438 2539 1523 2583 est

457 2601 621 2651 Livii:
658 2602 865 2668 quidam
904 2604 1108 2669 dicunt,
1130 2605 1427 2655 damnatum
1454 2607 1521 2657 nb

455 2678 569 2743 ipso
624 2680 833 2743 populo,
884 2680 1093 2744 quidam
1140 2696 1170 2730 a
1217 2681 1520 2733 duumviris.

456 2754 573 2805 Hoc
596 2769 719 2804 vero
742 2761 964 2811 constat,
987 2755 1125 2819 quod
1161 2757 1352 2806 tribuni
1375 2758 1517 2807 illurn

453 2831 522 2880 de
567 2845 690 2880 saxo
735 2830 961 2894 Tarpeio
1005 2831 1310 2894 dejecerint.
1359 2833 1520 2883 Rhen.

453 2905 681 2955 Faernus
706 2906 780 2955 ita
807 2913 971 2955 totum
1005 2906 1140 2956 hunc
1174 2907 1342 2956 locum
1380 2908 1516 2971 lege·

451 2981 565 3041 bat,
587 2982 1126 3046 interpungebatque:
1162 2982 1290 3032 Sunt
1317 2984 1398 3045 qui
1426 2999 1517 3047 per

450 3059 739 3113 duumuiros,
771 3058 852 3121 qui
885 3059 943 3105 de
958 3060 1168 3121 perduel.
1191 3060 1515 3124 anquirerent,

448 3140 647 3191 creatos,
664 3139 875 3183 auctores
893 3136 1007 3190 sint,
1023 3136 1297 3184 damnatum
1315 3136 1515 3200 tribuni,

447 3212 527 3271 ξε.
564 3211 800 3261 Ursinus.
869 3209 1112 3267 Faernus,
1151 3210 1418 3261 referente
1456 3213 1512 3264 F.

450 3285 838 3348 Ursino,totum
857 3287 991 3336 hunc
1008 3288 1175 3336 locum
1192 3288 1264 3336 ita
1284 3288 1512 3351 legebat,

446 3362 984 3426 interpungebatquez
1005 3363 1132 3412 Sunt
1148 3365 1229 3427 qui
1238 3377 1329 3427 per
1343 3366 1509 3414 duum·

445 3439 593 3499 viros,
616 3439 773 3503 quide
807 3439 937 3503 perd.
961 3439 1280 3503 anquirerent,
1304 3447 1508 3505 creatos,

443 3520 658 3565 auctores
678 3516 778 3565 sint
795 3517 1067 3565 damnatum
1084 3516 1282 3565 tribuni.
1314 3519 1506 3569 Verum

444 3594 713 3643 obscurius
733 3593 892 3642 multo
916 3593 1310 3658 intricatiusqne
1332 3596 1507 3658 vulga-

444 3678 498 3719 ta
525 3671 767 3720 lectione.
835 3671 952 3720 Pal.
988 3675 1035 3720 l.
1073 3685 1220 3733 aeque
1261 3671 1505 3723 mendose

439 3747 621 3809 habet,
655 3747 801 3806 Sunt,
836 3747 917 3809 qui
955 3761 1042 3809 per
1072 3747 1226 3796 divini
1255 3749 1401 3812 uiros,
1424 3751 1505 3812 qui

425 3827 498 3874 -de
537 3828 671 3889 perd.
715 3826 1025 3888 inquirerent,
1069 3831 1252 3875 creatos
1288 3832 1504 3876 auctores

440 3901 557 3949 sint.
614 3901 726 3949 Pal.
750 3906 804 3950 2.
835 3900 958 3949 Sunt
981 3901 1064 3963 qui
1097 3901 1384 3959 duumuiros,
1420 3902 1504 3965 qui

435 3977 800 4040 perduellionem
829 3977 1138 4039 inquirerent,
1175 3983 1360 4027 creatos
1392 3994 1503 4029 aue·

438 4058 564 4100 tores
595 4052 711 4100 sint.
793 4052 929 4102 Quid
969 4053 1247 4101 Rhenanus
1282 4061 1499 4103 conatus

437 4130 523 4184 sit,
570 4129 620 4175 in
666 4129 1085 4190 propatulo·est.
1139 4129 1293 4178 Gebls.
1378 4132 1498 4180 Duo

434 4203 567 4253 Pau.
601 4203 694 4250 Tlt.
726 4202 827 4251 duo
859 4204 1009 4252 Voss.
1044 4205 1220 4253 Helm.
1252 4206 1378 4255 Sunt
1413 4206 1498 4269 qui

426 4295 517 4345 per
535 4280 820 4331 duumviros.
857 4280 936 4331 Ex
962 4294 1064 4346 quo
1086 4290 1324 4348 apparet,
1349 4293 1495 4335 recte

1169 392 1387 443 NOTAE
1434 391 1840 445 vAmoRtJM
1890 395 1971 445 ΙΝ

1612 540 1912 591 Rhenanam
1963 539 2019 590 τὸ
2049 542 2322 592 dannatum
2360 555 2392 591 ι
2435 543 2672 606 sequenti
2710 564 2715 575 ¹

1612 616 1830 679 periodo
1853 615 1916 667 nd
1939 617 2070 667 lianc
2101 619 2400 668 retraxisse.
2457 619 2574 668 Nisi
2599 619 2674 667 in-

1612 693 1835 756 telligas,
1858 708 1954 756 per
1987 694 2281 744 duumviros
2300 694 2545 756 judicium
2563 695 2673 753 sae·

1610 774 1730 818 tuns.
1761 770 1815 822 J.
1843 771 1898 819 F.
1921 770 2084 820 Gron.
2152 771 2280 821 Sunt
2298 772 2379 834 qui
2401 772 2675 820 duumviros

1611 845 1748 907 apud
1773 858 1854 894 me
1878 853 2077 896 tantum
2109 853 2347 910 superest
2385 848 2438 896 in
2472 849 2601 897 Lov.
2624 850 2672 897 2.

1611 920 1766 970 Harl.
1789 925 1838 971 2.
1874 921 2023 971 Port.
2057 922 2198 971 Har.
2230 929 2284 970 et
2316 921 2506 985 fragm.
2538 922 2670 971 Hav.

1612 1010 1644 1046 ι
1665 1009 1734 1045 m.
1758 1011 1862 1046 sec.
1916 997 2143 1060 Reliqui,
2164 1004 2219 1046 et
2242 997 2380 1046 inter
2403 1012 2495 1046 eos
2514 998 2669 1046 etiam

1609 1070 1952 1136 integerrimi,
1989 1072 2116 1122 Sunt
2158 1072 2242 1136 qui
2280 1089 2367 1136 per
2401 1074 2673 1123 duumviros

1611 1148 1921 1212 praeferunt,
1942 1150 2038 1199 nisi
2061 1150 2199 1215 qnod
2227 1149 2287 1198 τὸ
2307 1151 2438 1199 uiros
2459 1150 2598 1201 desit
2620 1151 2669 1198 in

1609 1224 1761 1274 Leid.
1782 1229 1829 1275 1.
1901 1226 2064 1276 Etiam
2089 1225 2319 1288 Hearne,
2352 1226 2442 1290 qui
2481 1233 2673 1289 praeter

1609 1310 1859 1366 excerpta
1876 1302 2069 1352 Pithoei
2091 1296 2316 1367 quinque
2348 1301 2507 1350 codd.
2531 1300 2668 1350 Oxo·

1608 1378 1871 1428 niensibus
1896 1393 2014 1428 usus
2032 1385 2135 1441 est,
2153 1390 2306 1428 unum
2330 1383 2531 1427 tantum
2555 1377 2668 1427 cod.

1607 1454 1673 1503 B.
1697 1456 2018 1516 memoravit,
2038 1455 2123 1520 qui
2148 1455 2568 1519 praepositionem
2585 1458 2670 1518 per

1607 1545 1709 1579 non
1734 1532 2069 1594 agnoscebat,
2101 1540 2162 1582 ut
2196 1533 2418 1597 reliquos
2442 1545 2558 1580 eam
2581 1546 2668 1580 ex·

1606 1606 1832 1658 hibuisse
1881 1609 2157 1658 verisimile
2203 1608 2292 1672 sit,
2335 1608 2664 1672 quemadmo-

1606 1682 1726 1732 dum
1763 1686 1917 1734 etiam
1961 1685 2171 1734 exhibet
2211 1685 2434 1748 Neapol.
2457 1685 2665 1734 Latinii.

1607 1765 1793 1814 Utrum
1817 1779 1940 1814 vero
1963 1779 2078 1814 cnm
2103 1764 2371 1814 Gronovio
2388 1779 2454 1813 ex
2473 1776 2665 1827 praece-

1604 1840 1750 1890 denti
1804 1840 2084 1905 ‘judicium
2122 1841 2351 1892 factum'
2387 1841 2664 1909 intelligas,

1604 1931 1669 1966 nn
1691 1917 1864 1981 potius
1887 1932 1950 1966 ex
1974 1919 2214 1982 sequenti
2236 1918 2451 1982 periodo
2470 1924 2487 1948 ⁸
2523 1917 2662 1968 dam-

1602 1994 1809 2044 natum'
1841 1994 1959 2045 huic
1985 1995 2198 2059 jungas,
2236 2002 2294 2045 ut
2319 1996 2568 2044 Rhenano
2591 1997 2662 2044 vi-

1601 2085 1711 2121 sum
1733 2069 1853 2129 fuit,
1876 2070 2012 2124 haud
2037 2072 2251 2120 multum
2289 2072 2547 2122 interesse
2570 2084 2660 2121 ex-

1601 2146 1807 2208 istim03
1859 2162 2012 2212 quum
2058 2147 2336 2212 Doujatius
2395 2152 2566 2210 putet,
2618 2147 2660 2196 si

1598 2224 1859 2286 posterius
1899 2224 2125 2286 placeat,
2163 2236 2371 2285 sensum
2394 2223 2530 2271 Livii
2558 2223 2660 2272 cln—
2710 2245 2719 2254 ·

1600 2299 1789 2349 riorem
1813 2298 1944 2363 fore,
1970 2314 2031 2348 ac
2054 2299 2233 2348 melius
2255 2299 2496 2361 intelligi.
2565 2299 2658 2348 Ce-

1599 2382 1786 2432 terum,
1809 2377 1921 2441 quis
1957 2389 2138 2425 sensus
2173 2390 2239 2425 ex
2278 2375 2465 2425 Faiirni
2498 2376 2657 2425 inter·

1597 2455 1876 2516 punctione
1901 2468 2195 2504 emersurus
2225 2454 2313 2516 sit,
2336 2469 2437 2506 nou
2467 2454 2654 2504 intelli-

1597 2544 1696 2593 go;
1730 2529 1826 2579 nisi
1851 2528 1990 2580 forte
2029 2544 2201 2592 operae
2237 2531 2288 2579 in
2318 2531 2457 2579 notis
2482 2531 2651 2579 Ursini

1597 2607 1916 2657 excudendis
1938 2608 2180 2670 errarint,
2214 2613 2267 2656 et
2294 2608 2480 2657 eodem
2504 2608 2650 2657 modo

1595 2683 1829 2734 Faernus
1868 2685 2142 2748 legendum
2189 2691 2345 2749 atque
2384 2686 2650 2750 interpun-

1594 2760 1816 2824 gendum
1842 2761 2126 2821 censuerit,
2148 2775 2250 2825 quo
2274 2762 2569 2813 Rhenanus.

1659 2836 1758 2892 Qui
1778 2838 1836 2886 de
1851 2838 2167 2899 perduellione
2186 2839 2511 2900 anquirerent,
2527 2854 2649 2889 erea-

1590 2911 1688 2975 tos]
1705 2913 1905 2962 Vocula
1928 2912 2138 2961 initialis
2156 2914 2237 2976 qui
2258 2912 2436 2963 deficit
2454 2914 2507 2964 iu
2530 2915 2648 2963 [ιον.

1587 2992 1638 3037 2.
1671 2990 1754 3052 qui
1784 2990 2143 3052 perduellionem
2185 2990 2485 3053 acquirerent
2522 2992 2649 3055 legit

1591 3065 1717 3114 Lov.
1741 3068 1791 3114 4.
1838 3066 1920 3128 qui
1955 3067 2094 3128 perd.
2124 3067 2418 3128 acquirerent
2466 3065 2647 3131 fragm.

1590 3140 1728 3191 Ham
1752 3155 1782 3190 n
1806 3156 1873 3190 m.
1899 3157 1975 3205 pr.
2008 3143 2092 3205 qui
2125 3144 2184 3192 de
2211 3145 2347 3207 perd.
2384 3151 2649 3208 quererent

1586 3230 1616 3264 a
1634 3231 1700 3265 m.
1723 3230 1830 3265 sec.
1851 3217 1985 3281 qnod
2011 3219 2269 3279 posterius
2291 3226 2469 3268 exstat
2491 3222 2646 3268 etiam

1586 3292 1637 3340 in
1685 3292 1880 3341 Lov.5.
1922 3291 2070 3341 Harl.
2104 3297 2155 3342 2.
2197 3298 2252 3342 et
2287 3293 2437 3344 Port.
2469 3296 2552 3358 qui
2590 3297 2647 3344 de

1575 3369 1713 3432 perd.
1734 3368 2034 3431 acquirerent
2055 3368 2278 3419 Gaertn.
2312 3371 2397 3433 qui
2429 3373 2491 3420 de
2513 3372 2645 3435 perd.

1580 3448 1870 3509 anqrerent,
1906 3444 2016 3493 sive
2051 3450 2162 3494 ante
2195 3452 2482 3509 quererent,
2504 3447 2646 3496 Leid.

1579 3526 1629 3571 2.
1651 3522 1733 3585 qui
1753 3523 1812 3571 de
1831 3521 2062 3570 duellione
2077 3526 2438 3585 antequererent
2455 3524 2582 3573 Lov.
2601 3530 2642 3572 1.

1578 3600 1661 3663 qui
1694 3605 1742 3647 et
1782 3598 2140 3661 perduellionem
2171 3598 2468 3661 inquirerent
2505 3600 2641 3649 Har.

1580 3676 1662 3739 qui
1681 3678 1740 3724 de
1771 3676 1904 3738 perd.
1934 3673 2228 3735 inquirerent
2253 3676 2407 3723 Voss.
2426 3679 2478 3725 2.
2518 3676 2641 3725 Lov-

1576 3755 1627 3800 3.
1651 3760 1706 3802 et
1733 3750 1945 3800 Hearuii
1968 3748 2276 3800 oxoniensis
2295 3749 2356 3798 C.
2400 3750 2507 3800 Sed
2535 3753 2639 3801 vul·-

1578 3834 1754 3888 gatum
1779 3832 1975 3874 rectum
1999 3831 2097 3879 est,
2121 3822 2257 3887 quod
2281 3838 2346 3872 ex
2381 3825 2510 3873 meis
2535 3839 2640 3875 ser·

1579 3908 1699 3950 vant
1725 3901 1867 3949 Flor.
1891 3898 2039 3947 Leid.
2067 3903 2112 3947 1.
2148 3898 2300 3947 Harl.
2331 3902 2380 3950 1.
2404 3907 2462 3949 et
2488 3902 2635 3968 Voss.

1577 3983 1624 4027 l.
1689 3977 1954 4028 Librarios
1975 3976 2205 4026 sollemni
2225 3990 2402 4026 errore
2425 3977 2444 4004 ‘
2463 3979 2634 4044 anqui-

1576 4051 1728 4114 rere-,⁹
1765 4052 1979 4104 verbum
2026 4053 2180 4115 vulgo
2224 4052 2393 4102 miuus
2436 4062 2631 4117 notum,

1573 4131 1764 4193 passim
1790 4129 1842 4180 in
1864 4131 1881 4158 ⁴
1902 4129 2174 4191 acquirere
2190 4127 2205 4148 ’
2228 4135 2284 4177 et
2308 4130 2324 4157 ‘
2339 4130 2631 4194 inquirere’

1571 4214 1774 4255 mutare
1789 4205 1963 4255 solitos
1981 4202 2158 4268 fuisse,
2177 4205 2377 4254 monuit
2392 4205 2627 4258 Gifanius

1569 4281 1622 4333 in
1661 4280 1842 4333 Indice
1881 4280 2088 4331 Lucret.
2113 4295 2224 4332 voc.
2258 4280 2276 4309 ‘
2301 4280 2626 4353 Anquirere!
