2934 4925
447 412 628 480 7906

450 565 713 631 excerptis
750 562 1055 614 adnotatum
1094 560 1269 625 video,
1311 575 1517 626 propo·

447 647 568 697 sitio
598 659 631 694 ι
663 642 822 693 etiam
846 639 1022 691 deficit
1051 639 1103 688 in
1125 639 1363 689 omnibus
1385 637 1516 687 meis

448 736 608 773 mauu
629 719 877 780 exaratis,
899 723 957 768 ut
979 724 1036 766 et
1059 717 1113 766 in
1139 715 1514 766 vetustioribus

449 798 628 849 editis.
692 795 1112 846 Mediolanenses
1138 792 1341 842 demum
1366 796 1516 841 1496.

448 888 733 940 eorumque
767 873 1060 935 exemplum
1092 869 1279 919 imitati
1318 867 1515 917 Veneti

451 956 597 1003 1496.
649 952 793 1002 illam
847 947 1118 998 contextui
1179 945 1516 1006 addiderunt,

448 1042 603 1093 quam
634 1025 822 1091 reliqui
852 1030 1127 1074 servarunt
1147 1036 1310 1086 usque
1333 1020 1399 1070 ad
1424 1020 1514 1070 Al·

448 1106 591 1169 dnm,
627 1105 716 1170 qui
759 1105 968 1164 iterum,
1005 1101 1117 1151 sine
1161 1099 1319 1149 dubio
1358 1098 1516 1150 codd.

447 1197 568 1233 suos
603 1188 830 1239 secutus,
861 1180 1056 1243 ejecitt
1089 1179 1226 1228 unde
1265 1177 1515 1227 Rbenano

447 1273 561 1310 esm
587 1256 810 1308 addendi
833 1256 1036 1306 occasio
1059 1255 1184 1304 dats
1203 1262 1305 1304 est·
1369 1253 1515 1305 Quid

448 1335 516 1385 de
547 1333 768 1385 Hearnii
792 1331 1177 1383 oxoniensibus
1198 1331 1386 1389 dicam,
1408 1332 1512 1381 bae-

448 1425 558 1461 reo.
606 1410 830 1459 Monens
855 1409 990 1458 enim
1010 1407 1071 1457 τὸ
1086 1423 1118 1457 (ι
1139 1408 1311 1457 omitti
1334 1409 1386 1456 in
1405 1407 1513 1456 An·

448 1489 606 1536 (ιτα-ω
650 1486 900 1547 Romana,
944 1485 1011 1535 de
1057 1485 1369 1535 membranis
1409 1486 1513 1535 suis

448 1562 573 1613 nihil
609 1562 788 1624 addit3
822 1564 960 1612 uude
994 1561 1320 1612 efficiendum
1354 1561 1513 1627 foret,

447 1641 870 1705 praepoeitionem
894 1639 948 1689 in
971 1640 1072 1689 illis
1088 1653 1375 1703 superesse.
1409 1640 1514 1689 Ve-

445 1717 661 1766 risimile
685 1724 858 1767 tamen
881 1731 983 1767 non
1005 1715 1082 1778 fit,
1100 1731 1188 1766 eas
1204 1731 1380 1768 omnes
1401 1723 1512 1767 tam

447 1800 756 1844 constanter
801 1808 833 1843 a
882 1793 1247 1859 plerorumque
1294 1795 1511 1844 aliorum

446 1869 685 1921 oodicum
724 1871 986 1935 scriptura
1019 1870 1074 1919 iu
1111 1871 1311 1921 diversa
1348 1869 1527 1920 abire-

444 1947 580 1998 Satis
611 1946 882 1997 commode
911 1947 1066 1997 etiam
1094 1948 1279 1997 voculs
1311 1947 1399 1997 illa
1420 1947 1512 1997 ab·

444 2037 559 2074 esse
579 2030 771 2088 potest,
794 2023 902 2072 sive
925 2023 1001 2071 M.
1021 2022 1174 2073 Furio
1196 2023 1512 2088 accipiamus

446 2101 672 2166 positum
707 2115 836 2151 casu
863 2100 1043 2161 tertio,
1066 2101 1176 2150 sive
1206 2115 1326 2151 cssn
1350 2112 1512 2151 sexto

445 2191 543 2241 pro
586 2185 717 2241 ⁴per
760 2176 837 2225 M.
878 2175 1126 2225 Furium!
1210 2176 1301 2227 Sic
1343 2190 1386 2228 1.
1424 2180 1510 2228 16.

445 2252 464 2279 ⁴
488 2252 677 2303 Paucis
710 2251 858 2302 initio
889 2250 1083 2302 facto?
1118 2253 1194 2303 ita
1224 2253 1382 2304 bsbet
1415 2267 1510 2318 op-

446 2327 600 2377 timus
645 2328 794 2378 Leid.
828 2333 878 2378 1.
919 2343 1015 2393 pro
1054 2345 1087 2378 a
1122 2330 1306 2394 paucis.
1352 2343 1419 2382 11.
1457 2335 1511 2381 6.

445 2410 461 2432 ⁴
487 2404 845 2470 Numquamne
870 2418 1012 2468 ergo,
1039 2406 1230 2472 inquit,
1249 2408 1356 2456 ulls
1378 2408 1512 2458 adeo

447 2482 588 2532 vobis
620 2488 860 2545 spectatu
892 2482 1056 2532 virtus
1086 2485 1187 2532 erit
1200 2482 1235 2533 Υ
1271 2484 1348 2535 ita
1374 2484 1513 2536 Gro-

445 2572 568 2608 nov.
599 2559 747 2622 legit,
782 2566 839 2608 et
867 2561 1096 2609 nonnulli
1127 2559 1280 2610 codd.
1319 2561 1511 2625 praefe-

445 2643 586 2691 runt,
609 2650 706 2699 pro
724 2651 756 2685 (ι
774 2635 908 2686 vobis
920 2642 1153 2700 spectata.
1186 2651 1278 2687 ιιι.
1291 2643 1378 2688 63.
1409 2646 1425 2670 ⁴
1444 2639 1509 2689 In

442 2710 679 2763 eamdem
707 2713 1020 2762 sententiam
1049 2714 1217 2764 multa
1238 2723 1294 2766 et
1314 2716 1513 2766 ceteris

442 2787 735 2850 senioribus
768 2788 985 2839 Patrum
1015 2804 1172 2854 quum
1196 2798 1371 2842 essent
1397 2791 1511 2843 dic·

443 2864 551 2915 τοτ’
595 2866 672 2915 its
717 2866 999 2916 Rhenanus
1041 2868 1093 2917 in
1137 2868 1244 2917 suis
1288 2868 1510 2933 invenit,

432 2957 778 3009 meorumque
810 2960 941 2995 unus
971 2954 1025 2996 et
1058 2948 1203 2996 ulter
1233 2947 1507 3016 exhibent,

442 3035 537 3085 pro
557 3038 587 3071 a
602 3024 789 3072 ceteris.
830 3039 878 3075 c.
898 3028 981 3074 69.
1005 3026 1022 3054 ‘
1049 3026 1124 3076 Ut
1142 3027 1291 3092 signa
1315 3042 1377 3077 eo
1393 3028 1509 3092 ipso

440 3098 527 3147 die
560 3100 900 3163 quaestoribus
933 3116 997 3151 ex
1029 3105 1212 3153 aerario
1247 3104 1508 3169 promtue'

438 3175 516 3223 ita
540 3176 726 3228 iterum
762 3192 892 3226 unns
928 3192 992 3229 ex
1020 3180 1336 3244 melioribus,
1358 3197 1452 3247 pro
1475 3199 1507 3233 (ι

440 3251 767 3314 qaoestoribus.
823 3252 902 3302 ιιὲ.
948 3258 1029 3303 17.
1080 3256 1096 3283 ⁴
1117 3255 1203 3305 Ad
1244 3258 1505 3310 delectum

439 3327 734 3376 consulibus
775 3327 1008 3379 habitum
1048 3333 1379 3384 centuriones
1415 3351 1505 3385 ve-

440 3410 603 3464 teres,
634 3403 757 3453 belli
783 3405 959 3467 periti,
980 3407 1174 3470 adjecti
1196 3413 1229 3459 τ’
1260 3425 1323 3460 ea
1344 3418 1399 3463 et
1421 3413 1507 3464 bic

440 3479 780 3544 quorumdam
811 3481 1048 3532 codicum
1088 3485 1247 3536 lectio
1278 3495 1379 3550 est,
1408 3504 1506 3553 pro

435 3572 469 3607 (ι
486 3557 753 3607 consulibus
772 3558 1000 3611 hobitum.
1032 3574 1086 3610 v·
1105 3565 1186 3612 12.
1217 3569 1233 3593 ⁴
1249 3565 1331 3614 M.
1347 3566 1504 3617 Furio

437 3634 490 3684 in
520 3635 734 3685 Faliscis
764 3642 820 3686 et
851 3637 949 3687 Cn.
973 3638 1218 3689 Cornelio
1251 3642 1303 3692 in
1337 3644 1505 3708 Cape-

436 3718 560 3761 nate
596 3727 728 3775 agro
751 3713 927 3763 hostes
965 3716 1093 3764 nulli
1134 3727 1283 3768 extra
1316 3722 1504 3772 moenia

436 3787 632 3838 inventi
651 3788 686 3839 τ’
717 3789 796 3838 ita
817 3790 939 3838 olim
956 3790 1151 3841 editum
1167 3792 1285 3857 fuit,
1300 3810 1504 3846 omnes·

434 3878 537 3929 qne
555 3876 558 3883 ·
578 3864 733 3915 codd.
780 3866 879 3916 mei
917 3875 1142 3919 servant.
1227 3870 1505 3923 Rhenanus

435 3942 765 3993 scribendum
797 3944 994 3994 monuit
1014 3962 1046 3995 o
1068 3948 1146 3997 M.
1165 3938 1337 4012 'Fur-io,
1361 3950 1502 4016 quod

436 4017 505 4068 ab
537 4018 648 4068 aliis
679 4020 732 4068 in
762 4028 1065 4073 contextum
1102 4034 1373 4089 receptum
1402 4034 1504 4076 est.

399 4098 402 4105 '
433 4093 583 4145 Infra
647 4109 727 4146 vt.
783 4101 868 4147 14.
932 4100 949 4128 ‘
980 4100 1500 4167 commilitonemque

434 4185 628 4234 meum,
671 4179 942 4237 tamquam
994 4175 1162 4226 Gallis
1217 4178 1500 4229 victoribus

432 4255 663 4312 ceptum,
706 4249 760 4298 in
810 4251 1121 4302 servitutem
1176 4268 1240 4305 ac
1293 4257 1501 4307 vincula

432 4324 818 4390 duciyidesmss
842 4340 892 4381 (3.
913 4330 997 4381 81.
1026 4332 1044 4361 ⁸
1061 4325 1261 4385 Volscis
1279 4333 1497 4387 incursi·

1142 418 1365 472 NOTAE
1411 418 1823 470 VAmoRusi
1876 418 1960 468 m

1589 573 1714 612 ones
1748 560 1801 611 in
1823 565 2058 610 extrema
2077 557 2257 610 finium
2280 557 2435 610 facte
2462 557 2659 613 erantz'

1589 641 1700 689 baec
1731 638 2066 704 quorumdam
2100 638 2340 690 codicum
2368 639 2530 689 lectio
2561 646 2661 702 est,

1589 715 1676 765 ubi
1724 716 1880 779 vulgo
1923 715 2122 765 editum
2165 730 2199 765 (ι
2243 715 2436 765 Volscis.
2488 730 2538 763 c.
2574 718 2657 765 84.

1590 792 1891 842 ‘Proximis
1937 792 2157 857 quisque
2210 793 2420 841 minime
2472 790 2661 840 anteiri

1591 866 1748 919 vultz'
1776 869 1852 918 its
1870 869 2055 932 optimi
2078 868 2233 919 codd.
2274 869 2448 931 ‘Vulgo
2466 884 2500 918 α
2515 882 2661 931 prox-

1589 944 1714 994 imis.
1747 945 2365 1009 v111.6·‘1tsutpopu10
2386 943 2664 994 Patribus-

1591 1038 1692 1089 que
1707 1024 1885 1074 ondita
1901 1037 2001 1073 vox
2022 1022 2337 1087 paritersitss
2358 1038 2406 1071 c.
2421 1027 2504 1072 16.
2522 1022 2663 1071 ‘Au-

1592 1101 1740 1150 runci
1755 1100 1817 1148 T.
1830 1100 2031 1150 Manlio
2044 1099 2321 1149 consulein
2336 1097 2660 1148 deditionem

1591 1177 1801 1240 accepti
1818 1175 1854 1226 ι’
1889 1177 1963 1226 ita
1981 1177 2218 1241 plerique
2234 1176 2387 1226 codd.
2406 1183 2461 1225 et
2478 1176 2660 1240 primae

1588 1254 1733 1304 edd.·
1765 1266 1846 1306 lx.
1888 1258 1970 1304 81.
2013 1257 2030 1284 ‘
2057 1254 2195 1304 Loca
2238 1251 2491 1313 difficilia,
2529 1253 2662 1303 hosti

1589 1332 1830 1397 quesita,
1862 1331 2002 1396 ipsos
2044 1339 2153 1381 tum
2182 1346 2273 1381 sua
2300 1330 2492 1381 fraude
2517 1332 2664 1395 inpe-

1588 1408 1841 1460 diebant.’
1873 1424 1921 1459 (3.
1944 1414 2029 1460 86.
2060 1408 2246 1467 ‘Silva
2278 1415 2394 1458 erat
2418 1408 2663 1463 Ciminia,

1587 1487 1716 1536 nulli
1755 1485 1822 1536 ad
1862 1500 1978 1536 eam
2018 1485 2157 1535 diem
2201 1500 2268 1534 ne
2304 1493 2661 1535 mercatorum

1588 1563 1798 1628 quidem
1821 1562 2000 1615 edita?
2031 1577 2210 1614 xxxv.
2235 1567 2316 1613 17.
2352 1566 2368 1592 ‘
2390 1563 2504 1612 Per
2527 1562 2664 1612 simi·

1588 1638 1689 1689 lem
1714 1640 2055 1690 tentationem
2082 1640 2331 1690 Romanis
2361 1640 2431 1689 de
2459 1640 2661 1689 duabus

1587 1716 1890 1767 civitatibus
1913 1717 2035 1779 agi!
2065 1732 2114 1768 c.
2137 1721 2218 1766 87.
2252 1727 2268 1748 ·
2292 1717 2559 1767 Oratione
2573 1717 2662 1765 ha·
2742 1739 2749 1746 -

1587 1791 1717 1855 bitu,
1745 1794 1914 1857 qualis
1949 1793 2186 1844 habende
2221 1792 2552 1843 Alexameno
2582 1791 2663 1843 fu·

1587 1880 1702 1920 erat
1729 1869 1762 1918 τ’
1817 1871 1894 1921 its
1937 1873 2115 1935 plures
2160 1885 2414 1933 meorum,
2457 1886 2560 1935 pro
2603 1871 2664 1921 ab

1586 1944 1894 1997 Alexameno.
1932 1959 2139 1996 xxxvl.
2163 1950 2212 1995 8.
2251 1953 2267 1977 ⁴
2286 1947 2476 1997 AEtolis
2500 1944 2664 2010 Amy·

1586 2022 1890 2087 nandroque
1946 2023 2059 2073 dies
2114 2023 2177 2073 ad
2240 2023 2662 2074 conveniendum

1588 2101 1843 2151 exercitui
1886 2101 2089 2151 Pheras
2130 2107 2213 2151 est
2257 2102 2485 2150 indictus
2502 2099 2541 2150 :’
2575 2099 2664 2150 ubi

1588 2177 1713 2226 nibil
1732 2178 2037 2228 mutandum
2054 2185 2201 2241 puto.
2227 2181 2414 2227 :tn-26.
2440 2178 2668 2236 ‘Dumn-

1590 2252 1687 2301 viri
1708 2255 1918 2303 navales
1947 2254 2116 2305 creati
2141 2254 2204 2304 C.
2225 2253 2494 2303 Mstienus
2519 2259 2576 2302 et
2603 2253 2666 2304 G.

1586 2332 1884 2396 Lucretius,
1904 2346 2167 2397 navesque
2187 2332 2252 2380 iis
2275 2339 2480 2380 ornatae
2503 2326 2666 2379 sunt.'

1586 2412 1741 2460 ..81
1773 2417 1789 2439 ⁴
1814 2409 1949 2462 Quoe
1991 2423 2114 2473 pars
2155 2409 2381 2458 maxime
2425 2422 2667 2472 pugnan-

1587 2486 1730 2536 tibus
1774 2488 2012 2552 conspici
2062 2485 2321 2551 poterat?
2373 2485 2448 2534 ita
2503 2483 2664 2533 codd.

1584 2563 1717 2622 mei,
1730 2578 1853 2620 non,
1884 2571 1944 2613 ut
1975 2565 2132 2628 vulgo
2158 2563 2354 2619 editur.
2374 2579 2406 2610 (ι
2433 2575 2665 2626 pugnan-

1585 2638 2041 2690 tibus.x1.1.10.‘
2076 2639 2209 2690 Haec
2244 2638 2463 2702 collegas
2506 2638 2666 2689 obse-

1584 2724 1808 2782 quenter
1844 2715 2664 2785 faeta.’x1.1.2o.⁸ssxaequart

1584 2794 1824 2844 cornibus
1863 2793 2122 2855 hostibus,
2162 2791 2325 2857 (fone
2355 2792 2663 2858 homilibus)

1586 2871 1770 2935 quibus
1789 2870 2216 2928 circumibantnr‚
2240 2869 2496 2934 possent!
2519 2883 2663 2921 και.

1586 2952 1666 2998 12.
1719 2948 1737 2976 ‘
1769 2949 2071 2998 Boeotorum
2114 2954 2344 3012 gentem,
2388 2954 2658 3012 captatam

1583 3023 1851 3088 Philippo,
1876 3038 2199 3089 nequaquam
2225 3024 2291 3072 ad
2322 3024 2656 3075 scribendum

1582 3101 1824 3151 amicitiae
1869 3100 2040 3151 foedus
2079 3100 2270 3150 adduci
2306 3100 2580 3164 potuisse.’
2610 3116 2658 3151 (3.

1581 3181 1664 3229 16.
1692 3179 1710 3206 ‘
1735 3179 1868 3229 Cum
1901 3192 2005 3243 quo
2038 3178 2309 3229 institutus
2335 3181 2449 3243 regi
2483 3192 2652 3230 sermo

1581 3254 1736 3306 erat.’
1759 3269 1912 3305 xnv.
1930 3260 2013 3306 27.
2035 3259 2053 3286 ⁴
2076 3257 2252 3308 Quum
2274 3256 2487 3307 assidue
2513 3258 2652 3307 Pun-

1581 3332 1770 3382 taucbo
1803 3334 1869 3382 ad
1911 3333 2244 3384 lacessendos
2286 3334 2462 3383 hostili
2509 3333 2652 3386 facto

1581 3409 1842 3459 Romanos
1864 3411 2222 3461 stimularetur
2240 3410 2280 3461 ε’
2311 3410 2399 3476 ubi
2418 3413 2558 3461 male
2572 3413 2651 3462 Si·

1580 3488 1764 3550 goniu's
1786 3502 1854 3537 ex
1883 3487 2196 3551 conjectura
2229 3503 2260 3536 a
2292 3485 2580 3537 Pantaucho
2599 3487 2650 3537 in

1579 3571 1883 3614 contextum
1930 3564 2150 3627 recepit.
2191 3578 2239 3612 c.
2279 3566 2365 3612 48.
2408 3564 2427 3591 ⁶
2475 3564 2661 3614 Fscile‘

1579 3640 1951 3703 conveniebat,
1973 3638 2220 3705 Romanis
2242 3654 2524 3705 numquam
2549 3655 2650 3690 tuna

1579 3718 1692 3768 acie
1748 3725 1949 3768 tuntum
1992 3715 2343 3766 Macedonum
2399 3716 2652 3768 interfec-

1581 3802 1690 3845 tum
1709 3794 1744 3843 ε’
1786 3796 1877 3859 qui
1923 3794 2067 3842 locus
2112 3792 2237 3840 olim
2280 3793 2420 3841 male
2464 3793 2649 3843 distin*

1578 3872 1856 3936 guebatur.
1942 3869 2082 3919 Alibi
2127 3867 2307 3918 endem
2352 3869 2553 3920 locutio
2594 3871 2648 3920 in

1580 3954 1710 4003 Mss.
1733 3951 1982 4004 obcurrit.
2048 3949 2190 4000 Vide
2222 3950 2287 3999 ad
2319 3963 2385 4000 ιι.
2414 3954 2503 4001 48.
2547 3952 2648 4015 §l-

1578 4044 1632 4080 v.
1666 4034 1748 4081 88.
1784 4032 1893 4094 92.
1921 4042 2051 4080 vm.
2090 4032 2170 4078 28.
2208 4029 2344 4092 §H-
2384 4040 2533 4077 xxn.
2566 4032 2650 4078 47.

1576 4108 1604 4172 §
1631 4111 1677 4156 1.
1700 4120 1872 4157 xxm.
1893 4111 1946 4157 9.
1985 4107 2087 4170 94.
2129 4116 2316 4154 xxvu.
2345 4109 2428 4154 27.
2462 4108 2491 4170 ς
2516 4109 2566 4156 8.
2592 4112 2649 4155 et

1575 4181 1686 4231 aliis
1705 4182 1850 4232 locis.
1897 4180 2052 4230 Adde
2077 4180 2311 4230 Curtium
2335 4180 2402 4230 ad
2430 4181 2645 4230 Sallust.

1574 4258 1700 4322 Jug.
1726 4271 1774 4307 c.
1792 4262 1877 4308 21.
1900 4258 1929 4322 §
1950 4261 2000 4308 3.
2024 4271 2077 4307 (3.·
2093 4261 2176 4307 26.
2198 4257 2226 4320 §
2249 4261 2299 4306 6.
2322 4263 2377 4305 et
2396 4257 2467 4305 ad
2485 4257 2645 4306 Plinii

1575 4337 1678 4403 Ep.
1723 4349 1804 4390 tv.
1844 4337 1924 4389 18.
1964 4335 1994 4401 §
2033 4336 2114 4385 10.
2177 4333 2425 4400 Inprimis
2471 4341 2644 4387 autem
