2934 4925
725 429 793 476 r.
841 425 1040 478 mvn
1086 426 1281 477 ms’r.
1331 428 1479 477 ms.
1528 428 1628 475 vi.
1675 426 1845 479 ese.
1886 413 1995 479 13.

263 574 573 635 usurpentur
618 569 774 621 etiam
827 585 923 638 pro
983 573 1083 624 illis
1129 573 1316 639 quibus

261 647 482 697 cominus
506 655 782 709 pugnatur.
837 648 975 698 Vide
998 649 1238 699 Vossium
1262 649 1315 698 in

260 724 546 787 Etymolog.
571 723 724 788 Liug.
745 725 866 775 Lat.
891 739 1020 775 voce
1054 727 1071 754 6
1095 723 1318 774 Telum-⁹

260 798 325 848 Et
363 799 483 848 hine
524 801 685 849 telum
724 815 819 865 pro
857 801 1028 865 hasta,
1060 815 1155 866 pro
1193 801 1318 863 sica,

247 888 529 939 procot-uu
555 877 653 935 uri,
685 892 781 942 pro
795 879 997 944 ·lapide,
1031 894 1129 942 pro
1162 892 1317 929 vena·

257 950 393 1012 bulo,
415 965 512 1014 pro
535 951 700 1003 funda
722 955 866 1019 poni,
887 956 1065 1005 docuit
1082 954 1318 1005 Graevius

255 1028 315 1076 ad
347 1027 544 1078 sustin.
586 1044 651 1079 rr.
677 1035 729 1082 5.
794 1032 867 1081 Et
903 1031 978 1081 ita
1016 1046 1110 1095 pre
1149 1030 1320 1083 securi

256 1105 426 1154 Livius
448 1107 614 1157 utitur
635 1121 677 1158 1.
698 1112 784 1158 4⁰.
806 1111 823 1138 6
843 1108 998 1159 Alter
1020 1110 1210 1159 elatam
1238 1123 1318 1159 se·

170 1235 180 1246 ⁸
255 1183 410 1230 eut-im
435 1182 490 1231 in
511 1190 675 1247 eaput
697 1184 927 1248 dejecit:
953 1186 1242 1250 relictoque
1263 1186 1317 1235 in

255 1257 462 1307 vulnere
485 1260 597 1308 telo
618 1259 772 1310 ambo
799 1275 856 1313 se
892 1259 1033 1312 fores
1066 1261 1319 1325 eiiciuut.¹

256 1334 486 1385 cultrum
518 1338 703 1399 etiam,
735 1352 839 1402 quo
862 1338 1131 1403 Virginius
1164 1339 1320 1389 mise-

252 1423 364 1460 ram
377 1410 540 1467 filiam
562 1429 593 1463 a
616 1413 834 1464 libidine
853 1413 1014 1480 Appii
1034 1414 1321 1468 decemviri

253 1487 603 1540 vindicaturus
657 1490 1018 1549 interfecerat,
1066 1493 1083 1522 6
1122 1494 1283 1543 telum
1305 1494 1321 1520 ⁹

252 1572 393 1614 voest
418 1577 511 1617 111.
532 1571 619 1618 50.
655 1569 672 1596 ⁸
693 1568 949 1619 Strictum
974 1568 1132 1618 etiam
1156 1569 1319 1622 telum

253 1653 619 1707 respersusque
658 1644 771 1707 ipse
803 1657 987 1694 eruore
1027 1652 1139 1695 tota
1175 1645 1229 1694 in
1262 1656 1320 1697 se

249 1725 416 1768 eastra
447 1719 753 1771 convertit?
833 1721 974 1773 Hine
1010 1720 1228 1778 factum,
1260 1729 1321 1775 ut

252 1793 597 1846 distinctionis
623 1813 808 1849 caussa
843 1798 1023 1849 dicere
1064 1798 1321 1863 eoeperiut

249 1871 480 1920 ‘missilia
505 1875 617 1923 tela
634 1873 649 1895 ’
667 1875 736 1924 de
760 1875 866 1925 illis
901 1874 1093 1941 quibus
1118 1874 1321 1924 eminus

250 1955 496 2010 pugnatur
520 1964 541 2010 ,ς
596 1950 736 2014 quod
781 1951 920 2015 apud
962 1952 1168 2001 Livium
1211 1949 1320 2003 fre·

250 2029 456 2087 quenter
493 2026 756 2076 obcurrit.
818 2033 1008 2078 ιιμθό.
1042 2036 1058 2065 ¹
1080 2029 1319 2092 volscus,

251 2098 504 2151 effusis·ad
535 2104 760 2166 primum
785 2103 1019 2169 inpetum
1040 2105 1319 2155 missilibus

252 2176 378 2237 telis,
399 2194 527 2228 saxa
552 2180 862 2244 objacentis,
884 2181 1106 2246 pedibus
1127 2183 1323 2247 ingerit

247 2254 300 2304 iu
337 2255 665 2308 subeuntes?
743 2271 822 2309 rx.
865 2263 950 2309 24.
1003 2260 1022 2305 6.
1054 2260 1321 2325 Pluribus,

248 2348 393 2398 quam
417 2350 514 2399 pro
534 2351 758 2389 numero
781 2340 1028 2405 virorum,
1042 2340 1321 2390 missilibus

250 2411 356 2460 telis
377 2425 439 2463 eo
463 2412 749 2467 conlatis?
774 2417 864 2469 ubi
904 2418 1065 2467 etiam
1100 2418 1238 2468 male
1264 2430 1321 2466 u·

247 2502 334 2539 nus
355 2490 524 2541 codex
547 2492 767 2557 telisque.
815 2506 968 2544 1¹11.
989 2498 1074 2545 3⁷.
1091 2494 1108 2521 ‘
1123 2494 1321 2558 Aptam

248 2580 440 2617 manum
461 2564 721 2618 adversus
742 2571 977 2620 Baliares
997 2586 1059 2621 ac
1083 2572 1318 2629 Mauros.

249 2656 611 2711 pugnacesque
631 2647 759 2696 alias
775 2647 955 2698 missili
972 2649 1081 2698 telo
1098 2645 1322 2712 gentes!

247 2731 416 2770 xxvu.
438 2726 521 2771 15.
556 2722 574 2756 6
591 2723 890 2772 Tormentis
913 2731 970 2775 et
992 2725 1132 2774 saxis
1155 2724 1321 2774 omui·

249 2810 343 2860 que
389 2798 667 2850 missilium
717 2801 944 2853 telorum
994 2816 1189 2865 genere
1240 2802 1320 2852 in-

247 2872 447 2924 struit:'
477 2874 576 2924 ubi
620 2875 781 2925 etiam
818 2878 952 2926 male
976 2877 1098 2927 edd.
1126 2877 1319 2940 prinei·-

247 2959 334 3008 pes
384 2949 643 3002 missilium
692 2952 999 3016 telorumque.
1065 2965 1317 3006 xxxvru.

250 3027 324 3074 19.
355 3026 371 3057 6
387 3027 617 3078 Minima
638 3028 924 3092 adparatus
943 3031 1215 3082 missilium
1239 3036 1317 3079 te-

246 3100 401 3154 lorum
424 3117 553 3153 cura
577 3102 720 3157 fuit.’
770 3119 819 3155 c.
840 3109 924 3155 22.
960 3113 976 3140 6
993 3105 1060 3155 In
1082 3106 1318 3156 multitu·-

247 3176 428 3242 dinem,
461 3180 788 3244 compulsam
811 3180 864 3232 in
896 3189 1090 3242 castra,
1129 3183 1205 3231 vis
1238 3182 1317 3232 in·

245 3267 363 3315 gens
403 3257 678 3305 missilium
723 3257 942 3307 telorum
1002 3258 1319 3323 conjiciebat«-

247 3330 360 3382 tur.’
401 3346 546 3386 xmr.
569 3338 654 3383 53.
676 3334 693 3362 ‘
713 3335 974 3385 vehicula
998 3342 1202 3386 tautum
1225 3337 1319 3386 im,

247 3416 441 3470 perata,
475 3419 536 3462 ut
559 3413 1174 3478 tormenta‘telorumque
1198 3413 1318 3463 mis·

247 3483 409 3534 silium
464 3486 734 3549 ingentem
790 3487 893 3536 vim
945 3496 1318 3551 praeparatam,

246 3559 591 3628 bellicumque
628 3561 769 3612 aliud
804 3563 1207 3615 instrumentum
1231 3579 1318 3613 ve·

248 3636 459 3688 herent!
531 3652 704 3689 nav.-
727 3642 811 3690 35.
856 3640 874 3672 ‘
913 3640 1139 3690 Romani
1176 3641 1318 3692 omui

249 3726 429 3775 genere
469 3715 737 3766 missilium
792 3716 1013 3766 telorum
1062 3731 1127 3767 ae
1180 3718 1318 3767 saxis

248 3792 462 3841 maxime
496 3790 947 3843 vulnerabantur.’
1007 3793 1200 3856 Virgil-
1233 3793 1319 3843 ΙΕ-

248 3865 451 3918 incid-x·
475 3870 597 3918 ⁷73.
628 3865 644 3893 ‘
663 3866 870 3917 Dextra
900 3867 1023 3917 mihi
1058 3869 1228 3932 Deus,
1259 3873 1319 3917 et

252 3942 426 4007 telum,
458 3942 597 4005 quod
634 3942 829 3993 missile
864 3944 1018 4002 libro,
1044 3946 1200 3994 Nunc
1225 3943 1319 3993 ad·

247 4014 379 4066 sint!
441 4025 459 4047 ¹
479 4017 615 4068 Tele
638 4032 766 4068 arcu
786 4017 1001 4068 missilia
1016 4017 1033 4044 ³
1065 4023 1319 4074 memorat

250 4090 398 4146 osia.
436 4093 616 4155 Epist.
649 4092 874 4144 Hei-oid.
910 4108 1030 4146 xvi.
1051 4098 1179 4147 39ae
1198 4096 1318 4147 Neo

251 4174 414 4220 tamen
434 4177 519 4218 est
539 4169 748 4232 mirum,
789 4171 855 4233 si,
885 4172 1026 4221 sicut
1049 4178 1318 4236 oporteat,

253 4256 370 4294 arcu
415 4244 705 4294 Missilibus
749 4248 871 4297 telis
913 4250 1114 4299 eminus
1162 4250 1319 4311 ictus,

249 4317 392 4372 nuo?
456 4321 517 4386 Si
544 4321 661 4386 quis
688 4329 865 4376 temen
888 4324 1094 4378 omnino
1116 4324 1314 4378 missili·

2268 413 2463 483 7921·

1393 572 1568 636 busque
1609 579 1660 622 et
1700 573 1811 623 telis
1849 573 2014 637 malit,
2048 587 2143 636 per
2175 573 2192 603 6
2213 573 2462 626 missilia'

1393 651 1497 699 alia
1526 650 1724 714 quaevis
1759 651 2074 700 manumitti
2106 651 2280 708 solite,
2300 657 2360 701 ut
2391 653 2465 701 la-

1396 726 1542 789 pides
1566 740 1629 776 ae
1652 727 1864 790 similia,
1895 726 2196 789 intelligere
2228 727 2462 791 debebit,

1395 803 1654 868 quomodo
1677 803 1693 831 ‘
1715 805 1818 854 tela
1842 803 2154 868 missiliaque
2178 801 2333 852 saxa’
2356 818 2463 853 me.

1396 888 1666 929 morantur
1689 894 1743 929 v.
1757 884 1841 929 47.
1873 881 1889 909 6
1907 881 2129 945 Jamque
2153 887 2208 929 et
2229 881 2313 929 alii
2339 896 2465 933 cou-

1396 958 1600 1022 gregati
1628 957 1748 1007 telis
1781 957 2160 1021 missilibusque
2183 958 2465 1020 saxis·pru··

1396 1032 1612 1082 turbare
1634 1030 1844 1083 hostes.’
1909 1033 2042 1085 Mihi
2079 1039 2250 1082 tamen
2281 1033 2469 1084 nihilo·-

1394 1111 1564 1160 minus
1597 1116 1813 1175 recepta
1844 1110 2003 1160 lectio
2033 1116 2289 1175 praestare
2319 1110 2464 1161 vide·

1397 1195 1503 1239 tur.

1443 1262 1533 1315 Ee
1564 1266 1727 1329 prime
1753 1279 1929 1330 pugnae
1960 1266 2124 1330 inpetu
2147 1265 2320 1330 ferox]
2356 1267 2467 1316 Vo-

1396 1352 1510 1392 cem
1542 1343 1717 1406 primo,
1755 1358 1868 1406 quse
1890 1343 2012 1393 bie'
1998 1357 2051 1392 tu
2079 1344 2257 1407 primis
2279 1357 2466 1394 neces

1395 1421 1531 1470 ssria
1552 1430 1652 1478 est,
1686 1435 1790 1470 neu
1816 1421 2049 1486 agnoseit
2082 1420 2228 1471 Leid.
2262 1425 2310 1472 1.
2374 1422 2463 1471 Iu·

1395 1495 1479 1546 fra
1500 1511 1556 1546 x.
1581 1501 1665 1548 28.
1698 1499 1715 1528 6
1742 1498 1832 1548 Ita
1856 1512 2156 1560 persuasum
2180 1505 2298 1547 erat
2320 1497 2467 1559 duci,

1394 1572 1655 1623 Samnites
1694 1580 1751 1624 et
1780 1575 1961 1624 Gallus
1994 1575 2162 1637 prime
2185 1575 2367 1639 inpetu
2388 1572 2466 1624 fe·

1397 1664 1544 1700 roces
1569 1650 1724 1701 esse.’
1790 1650 2022 1714 Insuper
2055 1666 2155 1701 vox
2174 1664 2353 1714 pugna
2372 1651 2467 1701 de-

1395 1725 1508 1777 ficit
1547 1727 1599 1776 iu
1639 1727 2013 1778 vetustioribus
2049 1728 2268 1777 excusis.
2332 1727 2464 1779 Eum

1396 1804 1554 1868 primi
1605 1804 1919 1854 addiderunt
1973 1803 2259 1853 Mediolau.
2316 1807 2465 1854 160⁶.

1395 1893 1518 1932 mox
1558 1878 1842 1929 Asceusius
1882 1883 2032 1931 1513.
2070 1887 2126 1929 et
2163 1882 2312 1931 1516.
2354 1886 2466 1933 tuus

1396 1956 1564 2006 Aldus
1595 1964 1652 2006 et
1680 1955 1797 2007 alii.
1863 1956 2114 2007 Esmdem
2141 1971 2320 2007 vocem
2356 1971 2465 2006 ser-

1395 2041 1519 2083 vant
1542 2041 1847 2083 constanter
1868 2033 1985 2084 libri
2009 2031 2210 2096 scripti.

1462 2111 1665 2160 Gladios
1698 2115 1747 2160 et
1767 2111 2002 2159 conlatum
2018 2111 2184 2173 pedem
2205 2114 2254 2159 et
2277 2109 2465 2163 vultum

1394 2187 1561 2247 hostis,
1582 2188 1751 2237 ardore
1770 2185 1923 2235 enimsi
1944 2185 2221 2250 micantem]
2259 2183 2466 2239 Gladius

1383 2263 1590 2313 'librarii
1631 2277 1810 2315 errore
1848 2263 1998 2313 Leid.
2041 2266 2088 2312 1.
2140 2269 2196 2311 et
2238 2263 2368 2317 ιον.
2412 2266 2466 2315 4.

1396 2340 1568 2392 Quum
1611 2348 1782 2389 autem
1826 2340 1881 2389 in
1927 2338 2146 2393 similem
2182 2338 2466 2390 lectionem

1395 2416 1739 2480 preferentes
1816 2415 2141 2467 membranas
2215 2415 2462 2468 librarius

1393 2494 1548 2546 Port.
1569 2492 1855 2558 incidisset,
1876 2506 2094 2558 eamque
2113 2498 2299 2554 aperte
2321 2504 2466 2542 men·

1393 2569 1568 2619 dosam
1593 2569 1824 2627 vidisset,
1858 2581 1959 2618 nou
1989 2568 2224 2617 consulto
2246 2566 2465 2630 integri·

1395 2658 1489 2696 ure
1510 2646 1713 2701 codice,
1746 2659 1840 2694 suo
1862 2644 2039 2693 Marte
2058 2643 2275 2704 gladium
2296 2642 2464 2698 dedit.

1393 2722 1498 2772 Sed
1523 2722 1704 2787 reliqui
1738 2727 1882 2771 recte
1914 2721 2182 2781 vulgatum
2219 2719 2468 2772 retiueut0

1394 2798 1607 2849 Deinde
1650 2800 1852 2848 mustum
1895 2796 2045 2846 hostis
2096 2798 2266 2845 ardore
2313 2795 2466 2848 aaut·

1396 2876 1524 2925 Lov-
1548 2880 1600 2924 ὅ.
1634 2883 1689 2923 et
1715 2873 1935 2923 Geertn.
2002 2871 2172 2921 Voces
2202 2873 2218 2901 ‘
2236 2868 2465 2921 multus'

1395 2962 1450 3002 et
1475 2954 1492 2984 6
1510 2952 1678 3001 vultus
1693 2950 1708 2973 '
1732 2950 1892 3000 etiam
1913 2964 1944 2998 a
1964 2947 2187 2997 librariis
2204 2947 2318 2997 Silii
2341 2959 2464 2997 eou-

1392 3027 1536 3078 fusas
1572 3027 1751 3087 fuisse,
1781 3026 2012 3089 conjecit
2037 3024 2161 3075 Nic.
2184 3024 2370 3078 Heius.
2394 3021 2465 3078 ad

1396 3116 1519 3155 Χιν.
1539 3106 1653 3153 530.
1676 3101 1767 3151 ubi
1787 3109 1962 3151 temen
1996 3100 2260 3162 vulgatum
2272 3096 2462 3147 defen*

1396 3180 1449 3230 di
1493 3194 1645 3243 posse
1677 3178 1800 3228 olim
1823 3177 2016 3230 monui,
2085 3177 2296 3226 Multum
2314 3175 2467 3226 hostis

1393 3257 1615 3306 ardorem
1627 3255 1778 3305 animi
1794 3253 1946 3304 Harl.
1962 3257 2012 3304 2.
2032 3259 2088 3306 et
2104 3253 2256 3302 Port.
2281 3252 2467 3304 vultum

1392 3332 1549 3385 hostis
1579 3332 1794 3382 ardorem
1826 3328 1979 3378 animi
2017 3327 2167 3378 Harl.
2190 3331 2238 3376 1.
2263 3328 2390 3377 ιον.
2412 3331 2465 3376 8.

1397 3413 1454 3456 et
1477 3408 1630 3455 Voss.
1647 3410 1700 3460 2.
1744 3405 1927 3454 vultum
1948 3405 2101 3453 hostis
2119 3406 2337 3453 ardorem
2356 3404 2466 3454 mii·

1394 3484 1488 3534 mie
1518 3483 1647 3532 Lov-
1670 3486 1717 3530 1.
1739 3482 1892 3531 Voss.
1915 3483 1964 3530 1.
2000 3489 2056 3530 et
2090 3480 2238 3530 Leid.
2265 3484 2314 3530 2.
2360 3480 2466 3527 vnl-

1392 3567 1499 3610 tum
1533 3561 1683 3618 hostis
1714 3561 2023 3621 ardoremque
2057 3558 2211 3608 animi.
2246 3558 2375 3608 Ιιον,
2412 3560 2463 3613 4,

1394 3639 1578 3688 vultum
1612 3636 1762 3684 hostis
1794 3636 2050 3696 ardoreque
2070 3632 2222 3682 animi
2260 3632 2387 3680 ιον.
2409 3636 2460 3680 2.

1393 3717 1678 3780 vulgatum
1703 3715 1855 3764 unice
1881 3728 2060 3764 verum
2083 3720 2182 3762 est.
2247 3713 2322 3761 Ut
2358 3711 2463 3760 Ro·

1391 3792 1559 3842 mauis
1583 3791 1678 3840 hoc
1701 3792 1815 3839 leco
1847 3791 1862 3817 6
1883 3788 2054 3837 vultus
2081 3787 2267 3838 ardore
2302 3786 2464 3836 animi

1396 3866 1626 3925 micans,’
1649 3867 1722 3918 ita
1741 3866 1906 3915 ‘oculi
1928 3864 2172 3913 ardentes
2190 3863 2204 3885 ’
2226 3846 2463 3912 tribuun-

1395 3949 1482 3992 tur
1523 3944 1575 3992 in
1621 3955 1793 4006 pugna
1827 3954 1933 3990 vn.
1964 3943 2046 3989 83.
2079 3938 2095 3965 ‘
2119 3940 2312 3990 Oculos
2354 3938 2461 3994 sibi

1395 4019 1741 4069 Romanorum
1796 4016 1980 4066 ardere
2028 4015 2191 4077 visos,
2233 4016 2463 4079 aiebant,

1395 4109 1713 4158 vesanosque
1752 4094 1925 4143 vultus
1970 4098 2026 4141 et
2059 4051 2289 4142 fure’ntia
2333 4105 2457 4145 ora:

1394 4171 1521 4221 iude
1540 4171 1674 4235 plus,
1708 4155 1863 4233 quam
1885 4182 1951 4217 ex
1975 4167 2076 4274 alia
2098 4168 2204 4218 ulla
2236 4183 2315 4228 re,
2351 4173 2459 4217 ter·

1394 4247 1526 4300 roris
1546 4244 1762 4294 orturis!

1399 4323 1543 4387 -§3
1581 4320 1739 4390 Rupes
1772 4319 1884 4372 inde
1919 4267 2085 4376 multia
2111 4320 2226 4372 locis
2242 4317 2459 4381 ordines]
