<?xml version="1.0" encoding="UTF-8"?>
<!DOCTYPE html PUBLIC "-//W3C//DTD XHTML 1.0 Transitional//EN"
    "http://www.w3.org/TR/xhtml1/DTD/xhtml1-transitional.dtd">
<html xmlns="http://www.w3.org/1999/xhtml" xml:lang="en" lang="en">
 <head>
  <title>
</title>
<meta http-equiv="Content-Type" content="text/html;charset=utf-8" />
  <meta name='ocr-system' content='tesseract 3.04.00' />
  <meta name='ocr-capabilities' content='ocr_page ocr_carea ocr_par ocr_line ocrx_word'/>
</head>
<body>
  <div class='ocr_page' id='page_1' title='image "./tliviipatavinih12unkngoog_0154.png"; bbox 0 0 2934 4925; ppageno 0'>
   <div class='ocr_carea' id='block_1_1' title="bbox 484 372 660 442">
    <p class='ocr_par' dir='ltr' id='par_1_1' title="bbox 484 372 660 442">
     <span class='ocr_line' id='line_1_1' title="bbox 484 372 660 442; baseline 0.023 -4"><span class='ocrx_word' id='word_1_1' title='bbox 484 372 660 442; x_wconf 80' lang='lat'>7658</span> 
     </span>
    </p>
   </div>
   <div class='ocr_carea' id='block_1_2' title="bbox 1173 380 2076 437">
    <p class='ocr_par' dir='ltr' id='par_1_2' title="bbox 1173 380 2076 437">
     <span class='ocr_line' id='line_1_2' title="bbox 1173 380 2076 437; baseline -0.003 0"><span class='ocrx_word' id='word_1_2' title='bbox 1173 385 1392 437; x_wconf 66' lang='lat' dir='ltr'>NOTAE</span> <span class='ocrx_word' id='word_1_3' title='bbox 1442 380 1855 437; x_wconf 68' lang='lat' dir='ltr'>VA&#39;RlssRUH</span> <span class='ocrx_word' id='word_1_4' title='bbox 1902 382 1982 434; x_wconf 76' lang='lat' dir='ltr'>IN</span> <span class='ocrx_word' id='word_1_5' title='bbox 2069 388 2076 393; x_wconf 86' lang='lat'>&#39;</span> 
     </span>
    </p>
   </div>
   <div class='ocr_carea' id='block_1_3' title="bbox 549 525 2680 601">
    <p class='ocr_par' dir='ltr' id='par_1_3' title="bbox 549 525 2680 601">
     <span class='ocr_line' id='line_1_3' title="bbox 549 525 2680 601; baseline -0.007 -13"><span class='ocrx_word' id='word_1_6' title='bbox 549 539 577 601; x_wconf 65' lang='grc' dir='ltr'><strong>ς</strong></span> <span class='ocrx_word' id='word_1_7' title='bbox 612 539 675 587; x_wconf 77' lang='lat' dir='ltr'>lu</span> <span class='ocrx_word' id='word_1_8' title='bbox 713 533 1075 598; x_wconf 61' lang='lat' dir='ltr'>Videbam-qne·</span> <span class='ocrx_word' id='word_1_9' title='bbox 1109 534 1241 597; x_wconf 68' lang='grc' dir='ltr'>σφὼ</span> <span class='ocrx_word' id='word_1_10' title='bbox 1294 532 1552 582; x_wconf 70' lang='lat' dir='ltr'>distas-&#39;nus</span> <span class='ocrx_word' id='word_1_11' title='bbox 1623 530 1801 580; x_wconf 80' lang='lat' dir='ltr'>talium</span> <span class='ocrx_word' id='word_1_12' title='bbox 1816 527 2360 587; x_wconf 82' lang='lat' dir='ltr'>est,fortunauial)eo</span> <span class='ocrx_word' id='word_1_13' title='bbox 2375 525 2680 592; x_wconf 60' lang='lat' dir='ltr'>petendam</span> 
     </span>
    </p>
   </div>
   <div class='ocr_carea' id='block_1_4' title="bbox 452 608 1556 3805">
    <p class='ocr_par' dir='ltr' id='par_1_4' title="bbox 452 608 1556 3805">
     <span class='ocr_line' id='line_1_4' title="bbox 474 608 1547 676; baseline -0.006 -13"><span class='ocrx_word' id='word_1_14' title='bbox 474 614 679 676; x_wconf 71' lang='lat' dir='ltr'>sutum</span> <span class='ocrx_word' id='word_1_15' title='bbox 712 613 859 674; x_wconf 74' lang='lat' dir='ltr'>labor,</span> <span class='ocrx_word' id='word_1_16' title='bbox 896 626 953 660; x_wconf 78' lang='lat' dir='ltr'>ne</span> <span class='ocrx_word' id='word_1_17' title='bbox 988 609 1121 661; x_wconf 73' lang='lat' dir='ltr'>Veiis</span> <span class='ocrx_word' id='word_1_18' title='bbox 1143 608 1350 672; x_wconf 78' lang='lat' dir='ltr'>suisset]</span> <span class='ocrx_word' id='word_1_19' title='bbox 1405 608 1547 658; x_wconf 74' lang='lat' dir='ltr'>Vide·</span> 
     </span>
     <span class='ocr_line' id='line_1_5' title="bbox 484 685 1548 753; baseline -0.005 -13"><span class='ocrx_word' id='word_1_20' title='bbox 484 690 625 740; x_wconf 71' lang='lat' dir='ltr'>bam</span> <span class='ocrx_word' id='word_1_21' title='bbox 642 704 789 753; x_wconf 72' lang='lat' dir='ltr'>aque,</span> <span class='ocrx_word' id='word_1_22' title='bbox 810 688 997 738; x_wconf 84' lang='lat' dir='ltr'>omissa</span> <span class='ocrx_word' id='word_1_23' title='bbox 1014 686 1219 749; x_wconf 85' lang='lat' dir='ltr'>copula,</span> <span class='ocrx_word' id='word_1_24' title='bbox 1234 685 1384 735; x_wconf 81' lang='lat' dir='ltr'>Harl.</span> <span class='ocrx_word' id='word_1_25' title='bbox 1406 689 1456 735; x_wconf 71' lang='lat'>2.</span> <span class='ocrx_word' id='word_1_26' title='bbox 1490 690 1548 735; x_wconf 82' lang='lat' dir='ltr'>et</span> 
     </span>
     <span class='ocr_line' id='line_1_6' title="bbox 485 760 1546 824; baseline -0.008 -8"><span class='ocrx_word' id='word_1_27' title='bbox 485 766 704 816; x_wconf 82' lang='lat' dir='ltr'>Gaertu.</span> <span class='ocrx_word' id='word_1_28' title='bbox 767 764 959 811; x_wconf 83' lang='lat' dir='ltr'>Verum</span> <span class='ocrx_word' id='word_1_29' title='bbox 992 760 1052 809; x_wconf 69' lang='grc' dir='ltr'>τὸ</span> <span class='ocrx_word' id='word_1_30' title='bbox 1084 775 1172 824; x_wconf 75' lang='lat' dir='ltr'>que</span> <span class='ocrx_word' id='word_1_31' title='bbox 1194 760 1546 823; x_wconf 89' lang='lat' dir='ltr'>interceptum</span> 
     </span>
     <span class='ocr_line' id='line_1_7' title="bbox 484 836 1546 906; baseline -0.006 -16"><span class='ocrx_word' id='word_1_32' title='bbox 484 847 614 906; x_wconf 86' lang='lat' dir='ltr'>puto</span> <span class='ocrx_word' id='word_1_33' title='bbox 638 855 669 889; x_wconf 90' lang='lat' dir='ltr'>a</span> <span class='ocrx_word' id='word_1_34' title='bbox 692 838 927 902; x_wconf 78' lang='lat' dir='ltr'>proximo</span> <span class='ocrx_word' id='word_1_35' title='bbox 951 837 1226 888; x_wconf 74' lang='lat' dir='ltr'>vocabulo.</span> <span class='ocrx_word' id='word_1_36' title='bbox 1291 837 1422 886; x_wconf 85' lang='lat' dir='ltr'>Tum</span> <span class='ocrx_word' id='word_1_37' title='bbox 1436 836 1546 885; x_wconf 79' lang='lat' dir='ltr'>diu-</span> 
     </span>
     <span class='ocr_line' id='line_1_8' title="bbox 483 913 1546 977; baseline -0.002 -10"><span class='ocrx_word' id='word_1_38' title='bbox 483 918 650 967; x_wconf 69' lang='lat' dir='ltr'>turtius</span> <span class='ocrx_word' id='word_1_39' title='bbox 669 916 1012 977; x_wconf 75' lang='lat' dir='ltr'>labor-futurus</span> <span class='ocrx_word' id='word_1_40' title='bbox 1049 913 1199 964; x_wconf 81' lang='lat' dir='ltr'>Harl.</span> <span class='ocrx_word' id='word_1_41' title='bbox 1232 917 1283 963; x_wconf 81' lang='lat'>2.</span> <span class='ocrx_word' id='word_1_42' title='bbox 1317 913 1467 963; x_wconf 91' lang='lat' dir='ltr'>Port.</span> <span class='ocrx_word' id='word_1_43' title='bbox 1491 921 1546 965; x_wconf 89' lang='lat' dir='ltr'>et</span> 
     </span>
     <span class='ocr_line' id='line_1_9' title="bbox 483 987 1521 1043; baseline -0.006 -1"><span class='ocrx_word' id='word_1_44' title='bbox 483 992 621 1043; x_wconf 81' lang='lat' dir='ltr'>Hav.</span> <span class='ocrx_word' id='word_1_45' title='bbox 687 991 895 1042; x_wconf 87' lang='lat' dir='ltr'>Deinde</span> <span class='ocrx_word' id='word_1_46' title='bbox 916 995 967 1040; x_wconf 82' lang='lat' dir='ltr'>et</span> <span class='ocrx_word' id='word_1_47' title='bbox 988 989 1119 1039; x_wconf 79' lang='lat' dir='ltr'>Veiis</span> <span class='ocrx_word' id='word_1_48' title='bbox 1139 990 1288 1039; x_wconf 87' lang='lat' dir='ltr'>Port.</span> <span class='ocrx_word' id='word_1_49' title='bbox 1307 994 1362 1037; x_wconf 89' lang='lat' dir='ltr'>et</span> <span class='ocrx_word' id='word_1_50' title='bbox 1384 987 1521 1037; x_wconf 83' lang='lat' dir='ltr'>Hav.</span> 
     </span>
     <span class='ocr_line' id='line_1_10' title="bbox 547 1065 1545 1130; baseline -0.005 -12"><span class='ocrx_word' id='word_1_51' title='bbox 547 1069 619 1119; x_wconf 85' lang='lat' dir='ltr'>Ni</span> <span class='ocrx_word' id='word_1_52' title='bbox 638 1069 848 1127; x_wconf 74' lang='lat' dir='ltr'>fortuna</span> <span class='ocrx_word' id='word_1_53' title='bbox 863 1066 1141 1130; x_wconf 68' lang='lat' dir='ltr'>inperatori</span> <span class='ocrx_word' id='word_1_54' title='bbox 1163 1065 1380 1115; x_wconf 68' lang='lat' dir='ltr'>Romano</span> <span class='ocrx_word' id='word_1_55' title='bbox 1399 1065 1545 1115; x_wconf 72' lang='lat' dir='ltr'>siaul</span> 
     </span>
     <span class='ocr_line' id='line_1_11' title="bbox 480 1142 1544 1208; baseline -0.007 -12"><span class='ocrx_word' id='word_1_56' title='bbox 480 1148 530 1195; x_wconf 74' lang='lat' dir='ltr'>et</span> <span class='ocrx_word' id='word_1_57' title='bbox 560 1146 767 1208; x_wconf 70' lang='lat' dir='ltr'>cognita</span> <span class='ocrx_word' id='word_1_58' title='bbox 797 1144 934 1195; x_wconf 76' lang='lat' dir='ltr'>rebus</span> <span class='ocrx_word' id='word_1_59' title='bbox 957 1143 1135 1193; x_wconf 76' lang='lat' dir='ltr'>bellicis</span> <span class='ocrx_word' id='word_1_60' title='bbox 1163 1142 1364 1191; x_wconf 74' lang='lat' dir='ltr'>uirtutis</span> <span class='ocrx_word' id='word_1_61' title='bbox 1393 1142 1544 1204; x_wconf 75' lang='lat' dir='ltr'>speei-</span> 
     </span>
     <span class='ocr_line' id='line_1_12' title="bbox 479 1218 1544 1282; baseline -0.006 -10"><span class='ocrx_word' id='word_1_62' title='bbox 479 1237 585 1271; x_wconf 72' lang='lat' dir='ltr'>men</span> <span class='ocrx_word' id='word_1_63' title='bbox 622 1226 860 1271; x_wconf 70' lang='lat' dir='ltr'>maturum</span> <span class='ocrx_word' id='word_1_64' title='bbox 897 1219 1146 1269; x_wconf 75' lang='lat' dir='ltr'>victorious</span> <span class='ocrx_word' id='word_1_65' title='bbox 1178 1218 1410 1282; x_wconf 72' lang='lat' dir='ltr'>dedisset]</span> <span class='ocrx_word' id='word_1_66' title='bbox 1450 1219 1544 1267; x_wconf 85' lang='lat' dir='ltr'>Le·</span> 
     </span>
     <span class='ocr_line' id='line_1_13' title="bbox 481 1293 1542 1362; baseline -0.008 -14"><span class='ocrx_word' id='word_1_67' title='bbox 481 1298 706 1362; x_wconf 80' lang='lat' dir='ltr'>gendum</span> <span class='ocrx_word' id='word_1_68' title='bbox 725 1299 870 1347; x_wconf 73' lang='lat' dir='ltr'>simul</span> <span class='ocrx_word' id='word_1_69' title='bbox 890 1301 937 1344; x_wconf 82' lang='lat' dir='ltr'>et</span> <span class='ocrx_word' id='word_1_70' title='bbox 954 1293 1160 1357; x_wconf 72' lang='lat' dir='ltr'>cognite</span> <span class='ocrx_word' id='word_1_71' title='bbox 1181 1293 1281 1343; x_wconf 78' lang='lat' dir='ltr'>reb.</span> <span class='ocrx_word' id='word_1_72' title='bbox 1301 1293 1407 1343; x_wconf 73' lang='lat' dir='ltr'>beu.</span> <span class='ocrx_word' id='word_1_73' title='bbox 1424 1294 1542 1341; x_wconf 75' lang='lat' dir='ltr'>cir-t.</span> 
     </span>
     <span class='ocr_line' id='line_1_14' title="bbox 481 1369 1542 1437; baseline -0.006 -13"><span class='ocrx_word' id='word_1_74' title='bbox 481 1389 607 1437; x_wconf 82' lang='lat' dir='ltr'>spec.</span> <span class='ocrx_word' id='word_1_75' title='bbox 631 1379 680 1423; x_wconf 83' lang='lat' dir='ltr'>et</span> <span class='ocrx_word' id='word_1_76' title='bbox 699 1378 936 1422; x_wconf 73' lang='lat' dir='ltr'>maturans</span> <span class='ocrx_word' id='word_1_77' title='bbox 971 1372 1086 1421; x_wconf 78' lang='lat' dir='ltr'>vict.</span> <span class='ocrx_word' id='word_1_78' title='bbox 1112 1370 1334 1420; x_wconf 77' lang='lat' dir='ltr'>dedisset.</span> <span class='ocrx_word' id='word_1_79' title='bbox 1371 1369 1542 1420; x_wconf 85' lang='lat' dir='ltr'>Rhen.</span> 
     </span>
     <span class='ocr_line' id='line_1_15' title="bbox 482 1448 1543 1501; baseline -0.004 -1"><span class='ocrx_word' id='word_1_80' title='bbox 482 1451 807 1501; x_wconf 79' lang='lat' dir='ltr'>Particuiam</span> <span class='ocrx_word' id='word_1_81' title='bbox 838 1455 887 1500; x_wconf 81' lang='lat' dir='ltr'>et</span> <span class='ocrx_word' id='word_1_82' title='bbox 921 1455 1042 1500; x_wconf 85' lang='lat' dir='ltr'>aute</span> <span class='ocrx_word' id='word_1_83' title='bbox 1063 1453 1301 1498; x_wconf 76' lang='lat' dir='ltr'>mutarum</span> <span class='ocrx_word' id='word_1_84' title='bbox 1321 1462 1386 1497; x_wconf 87' lang='lat' dir='ltr'>ex</span> <span class='ocrx_word' id='word_1_85' title='bbox 1410 1448 1543 1497; x_wconf 90' lang='lat' dir='ltr'>Bor·</span> 
     </span>
     <span class='ocr_line' id='line_1_16' title="bbox 482 1523 1544 1590; baseline -0.004 -13"><span class='ocrx_word' id='word_1_86' title='bbox 482 1526 590 1577; x_wconf 88' lang='lat' dir='ltr'>bet.</span> <span class='ocrx_word' id='word_1_87' title='bbox 616 1527 920 1590; x_wconf 75' lang='lat' dir='ltr'>interposuit</span> <span class='ocrx_word' id='word_1_88' title='bbox 958 1526 1258 1587; x_wconf 77' lang='lat' dir='ltr'><strong>Rhenanus,</strong></span> <span class='ocrx_word' id='word_1_89' title='bbox 1295 1531 1349 1573; x_wconf 86' lang='lat' dir='ltr'>et</span> <span class='ocrx_word' id='word_1_90' title='bbox 1384 1523 1544 1573; x_wconf 83' lang='lat' dir='ltr'>habe·</span> 
     </span>
     <span class='ocr_line' id='line_1_17' title="bbox 484 1600 1544 1666; baseline -0.004 -13"><span class='ocrx_word' id='word_1_91' title='bbox 484 1610 571 1653; x_wconf 87' lang='lat' dir='ltr'>tur</span> <span class='ocrx_word' id='word_1_92' title='bbox 594 1603 647 1652; x_wconf 88' lang='lat' dir='ltr'>iu</span> <span class='ocrx_word' id='word_1_93' title='bbox 670 1603 938 1652; x_wconf 87' lang='lat' dir='ltr'>Vossianis</span> <span class='ocrx_word' id='word_1_94' title='bbox 955 1618 970 1648; x_wconf 74' lang='grc' dir='ltr'><strong><em>ε</em></strong></span> <span class='ocrx_word' id='word_1_95' title='bbox 1003 1616 1118 1666; x_wconf 77' lang='lat' dir='ltr'>quae</span> <span class='ocrx_word' id='word_1_96' title='bbox 1142 1607 1319 1650; x_wconf 84' lang='lat' dir='ltr'>tamen</span> <span class='ocrx_word' id='word_1_97' title='bbox 1337 1600 1422 1650; x_wconf 83' lang='lat' dir='ltr'>bic</span> <span class='ocrx_word' id='word_1_98' title='bbox 1440 1600 1544 1649; x_wconf 89' lang='lat' dir='ltr'>dis·</span> 
     </span>
     <span class='ocr_line' id='line_1_18' title="bbox 482 1675 1543 1742; baseline -0.003 -14"><span class='ocrx_word' id='word_1_99' title='bbox 482 1678 743 1728; x_wconf 87' lang='lat' dir='ltr'>sociabilia</span> <span class='ocrx_word' id='word_1_100' title='bbox 780 1678 1008 1742; x_wconf 84' lang='lat' dir='ltr'>copulat.</span> <span class='ocrx_word' id='word_1_101' title='bbox 1072 1677 1359 1726; x_wconf 86' lang='lat' dir='ltr'>Victoriam</span> <span class='ocrx_word' id='word_1_102' title='bbox 1416 1675 1543 1725; x_wconf 91' lang='lat' dir='ltr'>dare</span> 
     </span>
     <span class='ocr_line' id='line_1_19' title="bbox 479 1753 1546 1821; baseline -0.002 -17"><span class='ocrx_word' id='word_1_103' title='bbox 479 1755 688 1806; x_wconf 83' lang='lat' dir='ltr'>fortuna</span> <span class='ocrx_word' id='word_1_104' title='bbox 724 1763 929 1820; x_wconf 82' lang='lat' dir='ltr'>potest=</span> <span class='ocrx_word' id='word_1_105' title='bbox 965 1761 1041 1818; x_wconf 84' lang='lat' dir='ltr'>at,</span> <span class='ocrx_word' id='word_1_106' title='bbox 1075 1762 1134 1803; x_wconf 90' lang='lat' dir='ltr'>nt</span> <span class='ocrx_word' id='word_1_107' title='bbox 1166 1753 1403 1806; x_wconf 78' lang='lat' dir='ltr'>dicerent</span> <span class='ocrx_word' id='word_1_108' title='bbox 1438 1754 1546 1821; x_wconf 76' lang='lat' dir='ltr'>Ro·</span> 
     </span>
     <span class='ocr_line' id='line_1_20' title="bbox 479 1830 1544 1896; baseline -0.002 -14"><span class='ocrx_word' id='word_1_109' title='bbox 479 1832 641 1896; x_wconf 87' lang='lat' dir='ltr'>mani,</span> <span class='ocrx_word' id='word_1_110' title='bbox 680 1830 1020 1882; x_wconf 82' lang='lat' dir='ltr'>‘fortunam&#39;</span> <span class='ocrx_word' id='word_1_111' title='bbox 1075 1830 1201 1881; x_wconf 77' lang='lat' dir='ltr'>viris</span> <span class='ocrx_word' id='word_1_112' title='bbox 1248 1831 1544 1895; x_wconf 72' lang='lat' dir='ltr'>proestanti·</span> 
     </span>
     <span class='ocr_line' id='line_1_21' title="bbox 481 1900 1546 1970; baseline -0.003 -13"><span class='ocrx_word' id='word_1_113' title='bbox 481 1909 577 1957; x_wconf 87' lang='lat' dir='ltr'>bus</span> <span class='ocrx_word' id='word_1_114' title='bbox 648 1914 663 1939; x_wconf 78' lang='lat'><strong><em>⁴</em></strong></span> <span class='ocrx_word' id='word_1_115' title='bbox 695 1905 901 1956; x_wconf 87' lang='lat' dir='ltr'>dedisse</span> <span class='ocrx_word' id='word_1_116' title='bbox 954 1905 1221 1970; x_wconf 73' lang='lat' dir='ltr'>specimen</span> <span class='ocrx_word' id='word_1_117' title='bbox 1276 1905 1506 1963; x_wconf 79' lang='lat' dir='ltr'>virtutis.</span> <span class='ocrx_word' id='word_1_118' title='bbox 1529 1900 1546 1933; x_wconf 72' lang='lat'>⁸</span> 
     </span>
     <span class='ocr_line' id='line_1_22' title="bbox 480 1981 1545 2049; baseline -0.002 -18"><span class='ocrx_word' id='word_1_119' title='bbox 480 1992 758 2049; x_wconf 84' lang='lat' dir='ltr'>numquam</span> <span class='ocrx_word' id='word_1_120' title='bbox 781 1982 1022 2047; x_wconf 89' lang='lat' dir='ltr'>cuiquam</span> <span class='ocrx_word' id='word_1_121' title='bbox 1056 1981 1108 2030; x_wconf 89' lang='lat' dir='ltr'>iu</span> <span class='ocrx_word' id='word_1_122' title='bbox 1132 1987 1356 2030; x_wconf 78' lang='lat' dir='ltr'>mentem</span> <span class='ocrx_word' id='word_1_123' title='bbox 1382 1981 1545 2030; x_wconf 81' lang='lat' dir='ltr'>venit.</span> 
     </span>
     <span class='ocr_line' id='line_1_23' title="bbox 483 2055 1549 2119; baseline -0.003 -10"><span class='ocrx_word' id='word_1_124' title='bbox 483 2059 803 2110; x_wconf 72' lang='lat' dir='ltr'>occasiones</span> <span class='ocrx_word' id='word_1_125' title='bbox 825 2065 879 2108; x_wconf 91' lang='lat' dir='ltr'>et</span> <span class='ocrx_word' id='word_1_126' title='bbox 901 2063 1087 2107; x_wconf 85' lang='lat' dir='ltr'>eventa</span> <span class='ocrx_word' id='word_1_127' title='bbox 1118 2055 1375 2119; x_wconf 64' lang='lat' dir='ltr'>fortun23</span> <span class='ocrx_word' id='word_1_128' title='bbox 1406 2056 1549 2106; x_wconf 82' lang='lat' dir='ltr'>facta</span> 
     </span>
     <span class='ocr_line' id='line_1_24' title="bbox 466 2132 1547 2198; baseline -0.005 -14"><span class='ocrx_word' id='word_1_129' title='bbox 466 2144 539 2184; x_wconf 58' lang='lat' dir='ltr'>ct</span> <span class='ocrx_word' id='word_1_130' title='bbox 561 2146 725 2198; x_wconf 85' lang='lat' dir='ltr'>opera</span> <span class='ocrx_word' id='word_1_131' title='bbox 748 2140 803 2182; x_wconf 90' lang='lat' dir='ltr'>et</span> <span class='ocrx_word' id='word_1_132' title='bbox 826 2132 1064 2182; x_wconf 83' lang='lat' dir='ltr'>consulta</span> <span class='ocrx_word' id='word_1_133' title='bbox 1087 2133 1340 2195; x_wconf 66' lang='lat' dir='ltr'>preclara</span> <span class='ocrx_word' id='word_1_134' title='bbox 1362 2132 1547 2181; x_wconf 87' lang='lat' dir='ltr'>animis</span> 
     </span>
     <span class='ocr_line' id='line_1_25' title="bbox 484 2210 1549 2273; baseline -0.001 -13"><span class='ocrx_word' id='word_1_135' title='bbox 484 2218 540 2260; x_wconf 89' lang='lat' dir='ltr'>et</span> <span class='ocrx_word' id='word_1_136' title='bbox 578 2211 717 2273; x_wconf 83' lang='lat' dir='ltr'>viris,</span> <span class='ocrx_word' id='word_1_137' title='bbox 753 2210 904 2259; x_wconf 85' lang='lat' dir='ltr'>datas</span> <span class='ocrx_word' id='word_1_138' title='bbox 936 2225 967 2259; x_wconf 90' lang='lat' dir='ltr'>a</span> <span class='ocrx_word' id='word_1_139' title='bbox 1002 2210 1215 2260; x_wconf 83' lang='lat' dir='ltr'>fortuna</span> <span class='ocrx_word' id='word_1_140' title='bbox 1246 2212 1549 2261; x_wconf 71' lang='lat' dir='ltr'>occasiones</span> 
     </span>
     <span class='ocr_line' id='line_1_26' title="bbox 483 2286 1549 2351; baseline 0 -15"><span class='ocrx_word' id='word_1_141' title='bbox 483 2286 915 2351; x_wconf 74' lang='lat' dir='ltr'>intelligentibus,</span> <span class='ocrx_word' id='word_1_142' title='bbox 968 2286 1326 2351; x_wconf 83' lang='lat' dir='ltr'>adsignabant.</span> <span class='ocrx_word' id='word_1_143' title='bbox 1403 2287 1549 2337; x_wconf 86' lang='lat' dir='ltr'>Hinc</span> 
     </span>
     <span class='ocr_line' id='line_1_27' title="bbox 487 2363 1551 2427; baseline 0.001 -15"><span class='ocrx_word' id='word_1_144' title='bbox 487 2363 667 2427; x_wconf 83' lang='lat' dir='ltr'>Scipio</span> <span class='ocrx_word' id='word_1_145' title='bbox 711 2364 775 2412; x_wconf 83' lang='lat' dir='ltr'>ad</span> <span class='ocrx_word' id='word_1_146' title='bbox 815 2363 1013 2426; x_wconf 80' lang='lat' dir='ltr'>legatos</span> <span class='ocrx_word' id='word_1_147' title='bbox 1040 2363 1281 2413; x_wconf 75' lang='lat' dir='ltr'>Antiochi</span> <span class='ocrx_word' id='word_1_148' title='bbox 1320 2376 1551 2414; x_wconf 84' lang='lat' dir='ltr'>xxxvn.</span> 
     </span>
     <span class='ocr_line' id='line_1_28' title="bbox 485 2435 1547 2510; baseline 0.001 -18"><span class='ocrx_word' id='word_1_149' title='bbox 485 2447 571 2492; x_wconf 79' lang='grc'><strong>46.</strong></span> <span class='ocrx_word' id='word_1_150' title='bbox 616 2442 871 2492; x_wconf 87' lang='lat' dir='ltr'>‘Romani</span> <span class='ocrx_word' id='word_1_151' title='bbox 906 2457 972 2492; x_wconf 87' lang='lat' dir='ltr'>ex</span> <span class='ocrx_word' id='word_1_152' title='bbox 1012 2435 1090 2501; x_wconf 81' lang='lat' dir='ltr'>iis,</span> <span class='ocrx_word' id='word_1_153' title='bbox 1125 2457 1240 2510; x_wconf 79' lang='lat' dir='ltr'>quae</span> <span class='ocrx_word' id='word_1_154' title='bbox 1287 2443 1339 2493; x_wconf 85' lang='lat' dir='ltr'>in</span> <span class='ocrx_word' id='word_1_155' title='bbox 1381 2444 1547 2494; x_wconf 88' lang='lat' dir='ltr'>Deum</span> 
     </span>
     <span class='ocr_line' id='line_1_29' title="bbox 488 2518 1548 2584; baseline 0.005 -18"><span class='ocrx_word' id='word_1_156' title='bbox 488 2518 852 2568; x_wconf 72' lang='lat' dir='ltr'>immortalium</span> <span class='ocrx_word' id='word_1_157' title='bbox 873 2526 1139 2584; x_wconf 73' lang='lat' dir='ltr'>potestate</span> <span class='ocrx_word' id='word_1_158' title='bbox 1175 2528 1346 2582; x_wconf 87' lang='lat' dir='ltr'>erant,</span> <span class='ocrx_word' id='word_1_159' title='bbox 1373 2536 1435 2571; x_wconf 85' lang='lat' dir='ltr'>ea</span> <span class='ocrx_word' id='word_1_160' title='bbox 1459 2522 1548 2570; x_wconf 79' lang='lat' dir='ltr'>ba·</span> 
     </span>
     <span class='ocr_line' id='line_1_30' title="bbox 487 2594 1549 2659; baseline 0.001 -15"><span class='ocrx_word' id='word_1_161' title='bbox 487 2594 689 2658; x_wconf 83' lang='lat' dir='ltr'>bemus,</span> <span class='ocrx_word' id='word_1_162' title='bbox 708 2610 825 2659; x_wconf 77' lang='lat' dir='ltr'>quae</span> <span class='ocrx_word' id='word_1_163' title='bbox 859 2596 950 2645; x_wconf 87' lang='lat' dir='ltr'>Dii</span> <span class='ocrx_word' id='word_1_164' title='bbox 974 2596 1248 2646; x_wconf 87' lang='lat' dir='ltr'>dederuut.</span> <span class='ocrx_word' id='word_1_165' title='bbox 1315 2597 1549 2654; x_wconf 85' lang='lat' dir='ltr'>Animos,</span> 
     </span>
     <span class='ocr_line' id='line_1_31' title="bbox 481 2673 1552 2737; baseline -0.001 -14"><span class='ocrx_word' id='word_1_166' title='bbox 481 2673 575 2737; x_wconf 78' lang='lat' dir='ltr'>qui</span> <span class='ocrx_word' id='word_1_167' title='bbox 614 2682 808 2723; x_wconf 77' lang='lat' dir='ltr'>nostrae</span> <span class='ocrx_word' id='word_1_168' title='bbox 842 2674 1025 2723; x_wconf 88' lang='lat' dir='ltr'>mentis</span> <span class='ocrx_word' id='word_1_169' title='bbox 1065 2680 1203 2736; x_wconf 87' lang='lat' dir='ltr'>sunt,</span> <span class='ocrx_word' id='word_1_170' title='bbox 1252 2675 1460 2724; x_wconf 88' lang='lat' dir='ltr'>eosdem</span> <span class='ocrx_word' id='word_1_171' title='bbox 1498 2674 1552 2722; x_wconf 89' lang='lat' dir='ltr'>in</span> 
     </span>
     <span class='ocr_line' id='line_1_32' title="bbox 487 2747 1554 2814; baseline 0 -17"><span class='ocrx_word' id='word_1_172' title='bbox 487 2748 627 2798; x_wconf 86' lang='lat' dir='ltr'>omni</span> <span class='ocrx_word' id='word_1_173' title='bbox 652 2747 857 2798; x_wconf 87' lang='lat' dir='ltr'>fortuna</span> <span class='ocrx_word' id='word_1_174' title='bbox 885 2752 1155 2813; x_wconf 81' lang='lat' dir='ltr'>gessimus,</span> <span class='ocrx_word' id='word_1_175' title='bbox 1190 2747 1554 2814; x_wconf 66' lang='lat' dir='ltr'>ger-imusque.²</span> 
     </span>
     <span class='ocr_line' id='line_1_33' title="bbox 488 2825 1552 2891; baseline 0.002 -17"><span class='ocrx_word' id='word_1_176' title='bbox 488 2825 738 2875; x_wconf 81' lang='lat' dir='ltr'>Metellus</span> <span class='ocrx_word' id='word_1_177' title='bbox 780 2826 1089 2877; x_wconf 87' lang='lat' dir='ltr'>Numidicus</span> <span class='ocrx_word' id='word_1_178' title='bbox 1135 2826 1274 2891; x_wconf 85' lang='lat' dir='ltr'>apud</span> <span class='ocrx_word' id='word_1_179' title='bbox 1322 2827 1552 2878; x_wconf 78' lang='lat' dir='ltr'>Gellium</span> 
     </span>
     <span class='ocr_line' id='line_1_34' title="bbox 488 2904 1553 2967; baseline 0.003 -17"><span class='ocrx_word' id='word_1_180' title='bbox 488 2915 525 2950; x_wconf 89' lang='lat'>1.</span> <span class='ocrx_word' id='word_1_181' title='bbox 549 2907 598 2952; x_wconf 84' lang='grc'><strong>6.</strong></span> <span class='ocrx_word' id='word_1_182' title='bbox 666 2904 790 2953; x_wconf 85' lang='lat' dir='ltr'>‘Dii</span> <span class='ocrx_word' id='word_1_183' title='bbox 824 2905 1139 2954; x_wconf 81' lang='lat' dir='ltr'>immortales</span> <span class='ocrx_word' id='word_1_184' title='bbox 1174 2904 1422 2955; x_wconf 79' lang='lat' dir='ltr'>virtutem</span> <span class='ocrx_word' id='word_1_185' title='bbox 1461 2919 1553 2967; x_wconf 86' lang='lat' dir='ltr'>ap·</span> 
     </span>
     <span class='ocr_line' id='line_1_35' title="bbox 490 2979 1553 3041; baseline 0.003 -15"><span class='ocrx_word' id='word_1_186' title='bbox 490 2979 733 3041; x_wconf 87' lang='lat' dir='ltr'>probare,</span> <span class='ocrx_word' id='word_1_187' title='bbox 756 2993 858 3030; x_wconf 90' lang='lat' dir='ltr'>uon</span> <span class='ocrx_word' id='word_1_188' title='bbox 883 2980 1130 3030; x_wconf 83' lang='lat' dir='ltr'>adhibere</span> <span class='ocrx_word' id='word_1_189' title='bbox 1154 2979 1384 3030; x_wconf 87' lang='lat' dir='ltr'>debent.’</span> <span class='ocrx_word' id='word_1_190' title='bbox 1440 2980 1553 3029; x_wconf 88' lang='lat' dir='ltr'>Ho-</span> 
     </span>
     <span class='ocr_line' id='line_1_36' title="bbox 491 3056 1556 3120; baseline 0.002 -18"><span class='ocrx_word' id='word_1_191' title='bbox 491 3056 652 3104; x_wconf 82' lang='lat' dir='ltr'>ratius</span> <span class='ocrx_word' id='word_1_192' title='bbox 678 3056 848 3119; x_wconf 84' lang='lat' dir='ltr'>Epist.</span> <span class='ocrx_word' id='word_1_193' title='bbox 871 3069 910 3104; x_wconf 85' lang='lat'>1.</span> <span class='ocrx_word' id='word_1_194' title='bbox 946 3061 1025 3105; x_wconf 85' lang='lat'>18.</span> <span class='ocrx_word' id='word_1_195' title='bbox 1061 3059 1173 3105; x_wconf 82' lang='lat'>112.</span> <span class='ocrx_word' id='word_1_196' title='bbox 1204 3057 1220 3085; x_wconf 78' lang='lat'><strong><em>⁴</em></strong></span> <span class='ocrx_word' id='word_1_197' title='bbox 1239 3057 1458 3120; x_wconf 83' lang='lat' dir='ltr'>AEquum</span> <span class='ocrx_word' id='word_1_198' title='bbox 1484 3056 1556 3104; x_wconf 87' lang='lat' dir='ltr'>mi</span> 
     </span>
     <span class='ocr_line' id='line_1_37' title="bbox 491 3131 1553 3196; baseline 0.002 -17"><span class='ocrx_word' id='word_1_199' title='bbox 491 3131 715 3180; x_wconf 87' lang='lat' dir='ltr'>animum</span> <span class='ocrx_word' id='word_1_200' title='bbox 768 3132 880 3196; x_wconf 87' lang='lat' dir='ltr'>ipse</span> <span class='ocrx_word' id='word_1_201' title='bbox 932 3131 1209 3195; x_wconf 87' lang='lat' dir='ltr'>parabam.&#39;</span> <span class='ocrx_word' id='word_1_202' title='bbox 1264 3133 1446 3182; x_wconf 85' lang='lat' dir='ltr'>Cicero</span> <span class='ocrx_word' id='word_1_203' title='bbox 1485 3131 1553 3181; x_wconf 83' lang='lat' dir='ltr'>de</span> 
     </span>
     <span class='ocr_line' id='line_1_38' title="bbox 452 3206 1553 3272; baseline 0.001 -18"><span class='ocrx_word' id='word_1_204' title='bbox 452 3239 461 3244; x_wconf 89' lang='lat'>-</span> <span class='ocrx_word' id='word_1_205' title='bbox 492 3206 620 3255; x_wconf 86' lang='lat' dir='ltr'>Nat.</span> <span class='ocrx_word' id='word_1_206' title='bbox 647 3207 812 3255; x_wconf 88' lang='lat' dir='ltr'>Deor.</span> <span class='ocrx_word' id='word_1_207' title='bbox 836 3220 922 3257; x_wconf 85' lang='grc' dir='ltr'><strong>ιιι.</strong></span> <span class='ocrx_word' id='word_1_208' title='bbox 944 3211 1026 3256; x_wconf 78' lang='grc'><strong>36.</strong></span> <span class='ocrx_word' id='word_1_209' title='bbox 1059 3209 1076 3236; x_wconf 86' lang='lat'>‘</span> <span class='ocrx_word' id='word_1_210' title='bbox 1094 3208 1269 3272; x_wconf 84' lang='lat' dir='ltr'>Atque</span> <span class='ocrx_word' id='word_1_211' title='bbox 1306 3208 1403 3257; x_wconf 83' lang='lat' dir='ltr'>hoc</span> <span class='ocrx_word' id='word_1_212' title='bbox 1439 3208 1553 3271; x_wconf 84' lang='lat' dir='ltr'>qui·</span> 
     </span>
     <span class='ocr_line' id='line_1_39' title="bbox 490 3282 1553 3346; baseline 0 -15"><span class='ocrx_word' id='word_1_213' title='bbox 490 3282 609 3331; x_wconf 89' lang='lat' dir='ltr'>dem</span> <span class='ocrx_word' id='word_1_214' title='bbox 634 3297 812 3332; x_wconf 85' lang='lat' dir='ltr'>omnes</span> <span class='ocrx_word' id='word_1_215' title='bbox 836 3284 1080 3333; x_wconf 76' lang='lat' dir='ltr'>mortales</span> <span class='ocrx_word' id='word_1_216' title='bbox 1112 3285 1185 3333; x_wconf 84' lang='lat' dir='ltr'>sic</span> <span class='ocrx_word' id='word_1_217' title='bbox 1222 3283 1433 3346; x_wconf 81' lang='lat' dir='ltr'>habent,</span> <span class='ocrx_word' id='word_1_218' title='bbox 1461 3297 1553 3331; x_wconf 84' lang='lat' dir='ltr'>ex·</span> 
     </span>
     <span class='ocr_line' id='line_1_40' title="bbox 491 3360 1554 3424; baseline 0.001 -16"><span class='ocrx_word' id='word_1_219' title='bbox 491 3367 667 3408; x_wconf 82' lang='lat' dir='ltr'>ternas</span> <span class='ocrx_word' id='word_1_220' title='bbox 686 3360 1101 3424; x_wconf 78' lang='lat' dir='ltr'>commoditates,</span> <span class='ocrx_word' id='word_1_221' title='bbox 1116 3361 1311 3418; x_wconf 79' lang='lat' dir='ltr'>vineta,</span> <span class='ocrx_word' id='word_1_222' title='bbox 1328 3367 1554 3423; x_wconf 78' lang='lat' dir='ltr'>segetes,</span> 
     </span>
     <span class='ocr_line' id='line_1_41' title="bbox 491 3435 1553 3501; baseline 0.001 -17"><span class='ocrx_word' id='word_1_223' title='bbox 491 3436 704 3500; x_wconf 74' lang='lat' dir='ltr'>oliveta,</span> <span class='ocrx_word' id='word_1_224' title='bbox 740 3436 1034 3487; x_wconf 83' lang='lat' dir='ltr'>ubertatem</span> <span class='ocrx_word' id='word_1_225' title='bbox 1074 3435 1279 3501; x_wconf 77' lang='lat' dir='ltr'>frugum</span> <span class='ocrx_word' id='word_1_226' title='bbox 1317 3445 1372 3486; x_wconf 91' lang='lat' dir='ltr'>et</span> <span class='ocrx_word' id='word_1_227' title='bbox 1412 3435 1553 3486; x_wconf 82' lang='lat' dir='ltr'>fruc·</span> 
     </span>
     <span class='ocr_line' id='line_1_42' title="bbox 492 3511 1552 3577; baseline 0.001 -16"><span class='ocrx_word' id='word_1_228' title='bbox 492 3520 658 3574; x_wconf 83' lang='lat' dir='ltr'>tuum,</span> <span class='ocrx_word' id='word_1_229' title='bbox 697 3527 900 3563; x_wconf 86' lang='lat' dir='ltr'>omnem</span> <span class='ocrx_word' id='word_1_230' title='bbox 939 3512 1165 3577; x_wconf 85' lang='lat' dir='ltr'>denique</span> <span class='ocrx_word' id='word_1_231' title='bbox 1217 3511 1552 3562; x_wconf 86' lang='lat' dir='ltr'>commodita-</span> 
     </span>
     <span class='ocr_line' id='line_1_43' title="bbox 490 3588 1555 3654; baseline 0.001 -17"><span class='ocrx_word' id='word_1_232' title='bbox 490 3596 615 3652; x_wconf 49' lang='lat' dir='ltr'>tem,</span> <span class='ocrx_word' id='word_1_233' title='bbox 637 3589 1141 3654; x_wconf 72' lang='lat' dir='ltr'>prosperitatemque</span> <span class='ocrx_word' id='word_1_234' title='bbox 1174 3588 1295 3639; x_wconf 78' lang='lat' dir='ltr'>vitae</span> <span class='ocrx_word' id='word_1_235' title='bbox 1333 3604 1401 3640; x_wconf 80' lang='lat' dir='ltr'>ex</span> <span class='ocrx_word' id='word_1_236' title='bbox 1440 3589 1555 3639; x_wconf 90' lang='lat' dir='ltr'>Diis</span> 
     </span>
     <span class='ocr_line' id='line_1_44' title="bbox 491 3664 1554 3716; baseline 0.001 -2"><span class='ocrx_word' id='word_1_237' title='bbox 491 3679 549 3714; x_wconf 88' lang='lat' dir='ltr'>se</span> <span class='ocrx_word' id='word_1_238' title='bbox 567 3665 756 3714; x_wconf 80' lang='lat' dir='ltr'>habere</span> <span class='ocrx_word' id='word_1_239' title='bbox 776 3681 790 3714; x_wconf 75' lang='grc' dir='ltr'><strong>ε</strong></span> <span class='ocrx_word' id='word_1_240' title='bbox 817 3664 1060 3716; x_wconf 77' lang='lat' dir='ltr'>virtutem</span> <span class='ocrx_word' id='word_1_241' title='bbox 1080 3672 1253 3715; x_wconf 84' lang='lat' dir='ltr'>autem</span> <span class='ocrx_word' id='word_1_242' title='bbox 1272 3679 1425 3715; x_wconf 88' lang='lat' dir='ltr'>nemo</span> <span class='ocrx_word' id='word_1_243' title='bbox 1442 3680 1554 3714; x_wconf 90' lang='lat' dir='ltr'>um·</span> 
     </span>
     <span class='ocr_line' id='line_1_45' title="bbox 490 3741 1551 3805; baseline -0.001 -15"><span class='ocrx_word' id='word_1_244' title='bbox 490 3757 520 3805; x_wconf 88' lang='lat' dir='ltr'><strong>q</strong></span> <span class='ocrx_word' id='word_1_245' title='bbox 530 3756 644 3791; x_wconf 86' lang='lat' dir='ltr'>uam</span> <span class='ocrx_word' id='word_1_246' title='bbox 655 3750 925 3805; x_wconf 87' lang='lat' dir='ltr'>acceptam</span> <span class='ocrx_word' id='word_1_247' title='bbox 940 3742 1059 3791; x_wconf 93' lang='lat' dir='ltr'>Deo</span> <span class='ocrx_word' id='word_1_248' title='bbox 1071 3741 1266 3791; x_wconf 88' lang='lat' dir='ltr'>retulit.</span> <span class='ocrx_word' id='word_1_249' title='bbox 1294 3741 1551 3792; x_wconf 88' lang='lat' dir='ltr'>Nimirum</span> 
     </span>
    </p>
   </div>
   <div class='ocr_carea' id='block_1_5' title="bbox 384 3818 1552 3959">
    <p class='ocr_par' dir='ltr' id='par_1_5' title="bbox 384 3818 1552 3959">
     <span class='ocr_line' id='line_1_46' title="bbox 396 3818 1552 3882; baseline 0.003 -17"><span class='ocrx_word' id='word_1_250' title='bbox 396 3827 403 3842; x_wconf 77' lang='lat'><em>¹</em></span> <span class='ocrx_word' id='word_1_251' title='bbox 493 3825 670 3867; x_wconf 83' lang='lat' dir='ltr'>recte:</span> <span class='ocrx_word' id='word_1_252' title='bbox 718 3824 934 3882; x_wconf 85' lang='lat' dir='ltr'>propter</span> <span class='ocrx_word' id='word_1_253' title='bbox 971 3818 1218 3868; x_wconf 84' lang='lat' dir='ltr'>virtutem</span> <span class='ocrx_word' id='word_1_254' title='bbox 1259 3819 1393 3867; x_wconf 90' lang='lat' dir='ltr'>enim</span> <span class='ocrx_word' id='word_1_255' title='bbox 1428 3818 1552 3882; x_wconf 87' lang='lat' dir='ltr'>jure</span> 
     </span>
     <span class='ocr_line' id='line_1_47' title="bbox 384 3893 1552 3959; baseline 0.003 -18"><span class='ocrx_word' id='word_1_256' title='bbox 384 3905 397 3912; x_wconf 64' lang='lat'><strong><em>⁴</em></strong></span> <span class='ocrx_word' id='word_1_257' title='bbox 492 3893 783 3959; x_wconf 81' lang='lat' dir='ltr'>laudamur,</span> <span class='ocrx_word' id='word_1_258' title='bbox 819 3902 875 3945; x_wconf 90' lang='lat' dir='ltr'>et</span> <span class='ocrx_word' id='word_1_259' title='bbox 908 3896 959 3946; x_wconf 85' lang='lat' dir='ltr'>iu</span> <span class='ocrx_word' id='word_1_260' title='bbox 976 3896 1174 3945; x_wconf 80' lang='lat' dir='ltr'>virtute</span> <span class='ocrx_word' id='word_1_261' title='bbox 1200 3903 1344 3945; x_wconf 90' lang='lat' dir='ltr'>recte</span> <span class='ocrx_word' id='word_1_262' title='bbox 1362 3897 1552 3958; x_wconf 78' lang='lat' dir='ltr'>gloria·</span> 
     </span>
    </p>
   </div>
   <div class='ocr_carea' id='block_1_6' title="bbox 493 3972 1556 4330">
    <p class='ocr_par' dir='ltr' id='par_1_6' title="bbox 493 3972 1556 4330">
     <span class='ocr_line' id='line_1_48' title="bbox 494 3972 1553 4036; baseline 0.005 -19"><span class='ocrx_word' id='word_1_263' title='bbox 494 3983 643 4030; x_wconf 79' lang='lat' dir='ltr'>mur-3</span> <span class='ocrx_word' id='word_1_264' title='bbox 675 3972 811 4035; x_wconf 87' lang='lat' dir='ltr'>quod</span> <span class='ocrx_word' id='word_1_265' title='bbox 830 3986 931 4021; x_wconf 91' lang='lat' dir='ltr'>non</span> <span class='ocrx_word' id='word_1_266' title='bbox 953 3973 1306 4036; x_wconf 72' lang='lat' dir='ltr'>contingeret,</span> <span class='ocrx_word' id='word_1_267' title='bbox 1327 3973 1371 4021; x_wconf 88' lang='lat' dir='ltr'>si</span> <span class='ocrx_word' id='word_1_268' title='bbox 1391 3972 1444 4021; x_wconf 84' lang='lat' dir='ltr'>id</span> <span class='ocrx_word' id='word_1_269' title='bbox 1462 3972 1553 4022; x_wconf 87' lang='lat' dir='ltr'>do-</span> 
     </span>
     <span class='ocr_line' id='line_1_49' title="bbox 493 4046 1555 4110; baseline 0.004 -16"><span class='ocrx_word' id='word_1_270' title='bbox 493 4057 614 4095; x_wconf 88' lang='lat' dir='ltr'>num</span> <span class='ocrx_word' id='word_1_271' title='bbox 644 4060 675 4094; x_wconf 90' lang='lat' dir='ltr'>a</span> <span class='ocrx_word' id='word_1_272' title='bbox 704 4047 840 4110; x_wconf 89' lang='lat' dir='ltr'>Deo,</span> <span class='ocrx_word' id='word_1_273' title='bbox 861 4061 963 4096; x_wconf 91' lang='lat' dir='ltr'>non</span> <span class='ocrx_word' id='word_1_274' title='bbox 988 4063 1019 4097; x_wconf 85' lang='lat' dir='ltr'>a</span> <span class='ocrx_word' id='word_1_275' title='bbox 1042 4049 1191 4098; x_wconf 87' lang='lat' dir='ltr'>nobis</span> <span class='ocrx_word' id='word_1_276' title='bbox 1214 4046 1555 4099; x_wconf 85' lang='lat' dir='ltr'>haberemus.&#39;</span> 
     </span>
     <span class='ocr_line' id='line_1_50' title="bbox 493 4121 1555 4186; baseline 0.004 -15"><span class='ocrx_word' id='word_1_277' title='bbox 493 4121 753 4186; x_wconf 84' lang='lat' dir='ltr'>Superbe,</span> <span class='ocrx_word' id='word_1_278' title='bbox 770 4136 837 4172; x_wconf 89' lang='lat' dir='ltr'>ne</span> <span class='ocrx_word' id='word_1_279' title='bbox 853 4123 1023 4174; x_wconf 89' lang='lat' dir='ltr'>dicam</span> <span class='ocrx_word' id='word_1_280' title='bbox 1037 4125 1213 4176; x_wconf 82' lang='lat' dir='ltr'>stulte.</span> <span class='ocrx_word' id='word_1_281' title='bbox 1233 4125 1338 4175; x_wconf 87' lang='lat' dir='ltr'>Sed</span> <span class='ocrx_word' id='word_1_282' title='bbox 1356 4126 1428 4175; x_wconf 89' lang='lat' dir='ltr'>sic</span> <span class='ocrx_word' id='word_1_283' title='bbox 1441 4140 1555 4175; x_wconf 87' lang='lat' dir='ltr'>sen·</span> 
     </span>
     <span class='ocr_line' id='line_1_51' title="bbox 494 4197 1552 4261; baseline 0.006 -15"><span class='ocrx_word' id='word_1_284' title='bbox 494 4197 717 4261; x_wconf 84' lang='lat' dir='ltr'>tiebant,</span> <span class='ocrx_word' id='word_1_285' title='bbox 753 4200 1231 4252; x_wconf 74' lang='lat' dir='ltr'>meliorumnescii.</span> <span class='ocrx_word' id='word_1_286' title='bbox 1252 4202 1341 4251; x_wconf 84' lang='lat' dir='ltr'>Sic</span> <span class='ocrx_word' id='word_1_287' title='bbox 1363 4216 1479 4252; x_wconf 88' lang='lat' dir='ltr'>mox</span> <span class='ocrx_word' id='word_1_288' title='bbox 1504 4217 1552 4252; x_wconf 92' lang='lat' dir='ltr'>c.</span> 
     </span>
     <span class='ocr_line' id='line_1_52' title="bbox 494 4274 1556 4330; baseline 0.004 -4"><span class='ocrx_word' id='word_1_289' title='bbox 494 4274 702 4326; x_wconf 76' lang='lat' dir='ltr'>eodem:</span> <span class='ocrx_word' id='word_1_290' title='bbox 730 4275 747 4303; x_wconf 88' lang='lat'>‘</span> <span class='ocrx_word' id='word_1_291' title='bbox 763 4275 797 4328; x_wconf 83' lang='lat' dir='ltr'>J</span> <span class='ocrx_word' id='word_1_292' title='bbox 805 4275 1028 4327; x_wconf 80' lang='lat' dir='ltr'>udicium</span> <span class='ocrx_word' id='word_1_293' title='bbox 1052 4276 1151 4328; x_wconf 86' lang='lat' dir='ltr'>hoc</span> <span class='ocrx_word' id='word_1_294' title='bbox 1176 4279 1401 4330; x_wconf 88' lang='lat' dir='ltr'>omnium</span> <span class='ocrx_word' id='word_1_295' title='bbox 1419 4294 1556 4330; x_wconf 89' lang='lat' dir='ltr'>mor·</span> 
     </span>
    </p>
   </div>
   <div class='ocr_carea' id='block_1_7' title="bbox 1618 600 2683 1659">
    <p class='ocr_par' dir='ltr' id='par_1_7' title="bbox 1618 600 2683 1659">
     <span class='ocr_line' id='line_1_53' title="bbox 1622 600 2680 671; baseline -0.005 -15"><span class='ocrx_word' id='word_1_296' title='bbox 1622 616 1652 656; x_wconf 82' lang='lat' dir='ltr'>a</span> <span class='ocrx_word' id='word_1_297' title='bbox 1674 621 1731 655; x_wconf 89' lang='lat' dir='ltr'>se</span> <span class='ocrx_word' id='word_1_298' title='bbox 1751 606 1867 671; x_wconf 82' lang='lat' dir='ltr'>ipsa</span> <span class='ocrx_word' id='word_1_299' title='bbox 1879 606 2182 655; x_wconf 88' lang='lat' dir='ltr'>sumendam</span> <span class='ocrx_word' id='word_1_300' title='bbox 2199 619 2315 654; x_wconf 90' lang='lat' dir='ltr'>esse</span> <span class='ocrx_word' id='word_1_301' title='bbox 2330 600 2680 665; x_wconf 65' lang='lat' dir='ltr'>sapientiam!</span> 
     </span>
     <span class='ocr_line' id='line_1_54' title="bbox 1620 674 2678 741; baseline -0.006 -8"><span class='ocrx_word' id='word_1_302' title='bbox 1620 682 1883 733; x_wconf 85' lang='lat' dir='ltr'>Isocrates</span> <span class='ocrx_word' id='word_1_303' title='bbox 1906 681 1971 731; x_wconf 96' lang='lat' dir='ltr'>ad</span> <span class='ocrx_word' id='word_1_304' title='bbox 1992 682 2369 731; x_wconf 81' lang='lat' dir='ltr'>Demonicum:</span> <span class='ocrx_word' id='word_1_305' title='bbox 2394 680 2547 741; x_wconf 72' lang='grc' dir='ltr'>’11γοῦ</span> <span class='ocrx_word' id='word_1_306' title='bbox 2565 674 2678 741; x_wconf 75' lang='grc' dir='ltr'>κρά-</span> 
     </span>
     <span class='ocr_line' id='line_1_55' title="bbox 1619 753 2679 821; baseline -0.004 -13"><span class='ocrx_word' id='word_1_307' title='bbox 1619 774 1790 808; x_wconf 71' lang='grc' dir='ltr'><strong><em>τιστον</em></strong></span> <span class='ocrx_word' id='word_1_308' title='bbox 1801 756 1916 808; x_wconf 71' lang='lat' dir='ltr'>ebat</span> <span class='ocrx_word' id='word_1_309' title='bbox 1928 758 2055 821; x_wconf 70' lang='grc' dir='ltr'>παρὰ</span> <span class='ocrx_word' id='word_1_310' title='bbox 2067 756 2159 819; x_wconf 71' lang='grc' dir='ltr'>μὲν</span> <span class='ocrx_word' id='word_1_311' title='bbox 2174 757 2282 806; x_wconf 71' lang='grc' dir='ltr'>θεοῦ</span> <span class='ocrx_word' id='word_1_312' title='bbox 2295 755 2540 819; x_wconf 62' lang='grc' dir='ltr'>εὐτυχίαν,</span> <span class='ocrx_word' id='word_1_313' title='bbox 2551 753 2679 818; x_wconf 68' lang='grc' dir='ltr'>παρὰ</span> 
     </span>
     <span class='ocr_line' id='line_1_56' title="bbox 1621 832 2677 896; baseline -0.001 -15"><span class='ocrx_word' id='word_1_314' title='bbox 1621 833 1663 881; x_wconf 78' lang='grc' dir='ltr'>δ’</span> <span class='ocrx_word' id='word_1_315' title='bbox 1704 833 1837 896; x_wconf 57' lang='lat' dir='ltr'>maiia</span> <span class='ocrx_word' id='word_1_316' title='bbox 1877 835 2031 884; x_wconf 63' lang='lat' dir='ltr'>attribu</span> <span class='ocrx_word' id='word_1_317' title='bbox 2066 832 2333 892; x_wconf 71' lang='grc' dir='ltr'><strong>εὐβουλίαν.</strong></span> <span class='ocrx_word' id='word_1_318' title='bbox 2401 834 2677 883; x_wconf 66' lang='grc' dir='ltr'>Ρτεῐεηα</span> 
     </span>
     <span class='ocr_line' id='line_1_57' title="bbox 1619 908 2675 975; baseline -0.001 -18"><span class='ocrx_word' id='word_1_319' title='bbox 1619 910 1883 973; x_wconf 77' lang='lat' dir='ltr'>specimen</span> <span class='ocrx_word' id='word_1_320' title='bbox 1920 910 2149 975; x_wconf 60' lang='lat' dir='ltr'>virtutis,</span> <span class='ocrx_word' id='word_1_321' title='bbox 2183 909 2321 975; x_wconf 83' lang='lat' dir='ltr'>quod</span> <span class='ocrx_word' id='word_1_322' title='bbox 2351 910 2436 958; x_wconf 75' lang='lat' dir='ltr'>liic</span> <span class='ocrx_word' id='word_1_323' title='bbox 2478 908 2675 975; x_wconf 78' lang='lat' dir='ltr'>editum</span> 
     </span>
     <span class='ocr_line' id='line_1_58' title="bbox 1619 985 2681 1051; baseline -0.002 -16"><span class='ocrx_word' id='word_1_324' title='bbox 1619 991 1722 1041; x_wconf 84' lang='lat' dir='ltr'>est,</span> <span class='ocrx_word' id='word_1_325' title='bbox 1740 999 1841 1034; x_wconf 92' lang='lat' dir='ltr'>non</span> <span class='ocrx_word' id='word_1_326' title='bbox 1862 985 1963 1036; x_wconf 82' lang='lat' dir='ltr'>fuit</span> <span class='ocrx_word' id='word_1_327' title='bbox 1984 986 2049 1035; x_wconf 87' lang='lat' dir='ltr'>ad</span> <span class='ocrx_word' id='word_1_328' title='bbox 2066 985 2480 1051; x_wconf 84' lang='lat' dir='ltr'>cognoscendam</span> <span class='ocrx_word' id='word_1_329' title='bbox 2491 994 2547 1033; x_wconf 92' lang='lat' dir='ltr'>et</span> <span class='ocrx_word' id='word_1_330' title='bbox 2561 998 2681 1048; x_wconf 91' lang='lat' dir='ltr'>pro-</span> 
     </span>
     <span class='ocr_line' id='line_1_59' title="bbox 1620 1060 2676 1114; baseline -0.003 -4"><span class='ocrx_word' id='word_1_331' title='bbox 1620 1060 1839 1111; x_wconf 83' lang='lat' dir='ltr'>bandam</span> <span class='ocrx_word' id='word_1_332' title='bbox 1863 1063 2068 1112; x_wconf 82' lang='lat' dir='ltr'>Camilli</span> <span class='ocrx_word' id='word_1_333' title='bbox 2087 1063 2322 1114; x_wconf 83' lang='lat' dir='ltr'>bellicam</span> <span class='ocrx_word' id='word_1_334' title='bbox 2344 1070 2546 1110; x_wconf 82' lang='lat' dir='ltr'>artem:</span> <span class='ocrx_word' id='word_1_335' title='bbox 2574 1074 2676 1108; x_wconf 89' lang='lat' dir='ltr'>non</span> 
     </span>
     <span class='ocr_line' id='line_1_60' title="bbox 1618 1136 2678 1202; baseline -0.003 -16"><span class='ocrx_word' id='word_1_336' title='bbox 1618 1137 1756 1187; x_wconf 88' lang='lat' dir='ltr'>enim</span> <span class='ocrx_word' id='word_1_337' title='bbox 1778 1137 1913 1202; x_wconf 87' lang='lat' dir='ltr'>acie,</span> <span class='ocrx_word' id='word_1_338' title='bbox 1933 1153 2032 1188; x_wconf 90' lang='lat' dir='ltr'>non</span> <span class='ocrx_word' id='word_1_339' title='bbox 2055 1152 2261 1200; x_wconf 86' lang='lat' dir='ltr'>corona,</span> <span class='ocrx_word' id='word_1_340' title='bbox 2281 1153 2382 1187; x_wconf 89' lang='lat' dir='ltr'>non</span> <span class='ocrx_word' id='word_1_341' title='bbox 2414 1136 2678 1201; x_wconf 76' lang='lat' dir='ltr'>operibus,</span> 
     </span>
     <span class='ocr_line' id='line_1_61' title="bbox 1620 1215 2679 1279; baseline -0.003 -15"><span class='ocrx_word' id='word_1_342' title='bbox 1620 1229 1721 1264; x_wconf 92' lang='lat' dir='ltr'>non</span> <span class='ocrx_word' id='word_1_343' title='bbox 1745 1216 1977 1279; x_wconf 73' lang='lat' dir='ltr'>legitimo</span> <span class='ocrx_word' id='word_1_344' title='bbox 1996 1215 2136 1265; x_wconf 82' lang='lat' dir='ltr'>furto</span> <span class='ocrx_word' id='word_1_345' title='bbox 2160 1224 2251 1265; x_wconf 85' lang='lat' dir='ltr'>aut</span> <span class='ocrx_word' id='word_1_346' title='bbox 2287 1219 2679 1277; x_wconf 69' lang='lat' dir='ltr'>strategemate,</span> 
     </span>
     <span class='ocr_line' id='line_1_62' title="bbox 1618 1291 2678 1356; baseline -0.001 -16"><span class='ocrx_word' id='word_1_347' title='bbox 1618 1291 1711 1341; x_wconf 90' lang='lat' dir='ltr'>sed</span> <span class='ocrx_word' id='word_1_348' title='bbox 1734 1292 2078 1342; x_wconf 72' lang='lat' dir='ltr'>admiratione</span> <span class='ocrx_word' id='word_1_349' title='bbox 2098 1291 2219 1342; x_wconf 80' lang='lat' dir='ltr'>fidei</span> <span class='ocrx_word' id='word_1_350' title='bbox 2237 1292 2556 1356; x_wconf 77' lang='lat' dir='ltr'>justitiaeque</span> <span class='ocrx_word' id='word_1_351' title='bbox 2580 1291 2678 1340; x_wconf 86' lang='lat' dir='ltr'>Fa·</span> 
     </span>
     <span class='ocr_line' id='line_1_63' title="bbox 1619 1367 2676 1432; baseline -0.001 -16"><span class='ocrx_word' id='word_1_352' title='bbox 1619 1368 1777 1417; x_wconf 82' lang='lat' dir='ltr'>lerios</span> <span class='ocrx_word' id='word_1_353' title='bbox 1794 1370 1958 1432; x_wconf 87' lang='lat' dir='ltr'>cepit.</span> <span class='ocrx_word' id='word_1_354' title='bbox 2023 1367 2156 1418; x_wconf 74' lang='lat' dir='ltr'>Haec</span> <span class='ocrx_word' id='word_1_355' title='bbox 2175 1368 2278 1418; x_wconf 87' lang='lat' dir='ltr'>duo</span> <span class='ocrx_word' id='word_1_356' title='bbox 2300 1368 2427 1416; x_wconf 79' lang='lat' dir='ltr'>sitia</span> <span class='ocrx_word' id='word_1_357' title='bbox 2450 1367 2676 1428; x_wconf 64' lang='lat' dir='ltr'>vulgata</span> 
     </span>
     <span class='ocr_line' id='line_1_64' title="bbox 1622 1442 2678 1508; baseline -0.003 -16"><span class='ocrx_word' id='word_1_358' title='bbox 1622 1443 1899 1508; x_wconf 64' lang='lat' dir='ltr'>scripturae</span> <span class='ocrx_word' id='word_1_359' title='bbox 1923 1445 2075 1493; x_wconf 79' lang='lat' dir='ltr'>nuliis</span> <span class='ocrx_word' id='word_1_360' title='bbox 2095 1442 2338 1493; x_wconf 84' lang='lat' dir='ltr'>fomentis</span> <span class='ocrx_word' id='word_1_361' title='bbox 2370 1449 2585 1506; x_wconf 88' lang='lat' dir='ltr'>possunt</span> <span class='ocrx_word' id='word_1_362' title='bbox 2608 1442 2678 1489; x_wconf 84' lang='lat' dir='ltr'>le·</span> 
     </span>
     <span class='ocr_line' id='line_1_65' title="bbox 1620 1519 2678 1571; baseline -0.004 -1"><span class='ocrx_word' id='word_1_363' title='bbox 1620 1519 1737 1570; x_wconf 84' lang='lat' dir='ltr'>uiri.</span> <span class='ocrx_word' id='word_1_364' title='bbox 1799 1521 2019 1570; x_wconf 88' lang='lat' dir='ltr'>Sensum</span> <span class='ocrx_word' id='word_1_365' title='bbox 2043 1521 2177 1571; x_wconf 85' lang='lat' dir='ltr'>Livii</span> <span class='ocrx_word' id='word_1_366' title='bbox 2209 1528 2397 1571; x_wconf 86' lang='lat' dir='ltr'>teneo:</span> <span class='ocrx_word' id='word_1_367' title='bbox 2434 1519 2564 1568; x_wconf 84' lang='lat' dir='ltr'>duas</span> <span class='ocrx_word' id='word_1_368' title='bbox 2596 1533 2678 1567; x_wconf 87' lang='lat' dir='ltr'>res</span> 
     </span>
     <span class='ocr_line' id='line_1_66' title="bbox 1621 1595 2683 1659; baseline -0.004 -12"><span class='ocrx_word' id='word_1_369' title='bbox 1621 1595 1838 1647; x_wconf 77' lang='lat' dir='ltr'>Camino</span> <span class='ocrx_word' id='word_1_370' title='bbox 1860 1598 2129 1648; x_wconf 83' lang='lat' dir='ltr'>victoriam</span> <span class='ocrx_word' id='word_1_371' title='bbox 2164 1597 2403 1647; x_wconf 81' lang='lat' dir='ltr'>dedisse:</span> <span class='ocrx_word' id='word_1_372' title='bbox 2444 1596 2683 1659; x_wconf 84' lang='lat' dir='ltr'>primam,</span> 
     </span>
    </p>
   </div>
   <div class='ocr_carea' id='block_1_8' title="bbox 1621 1671 2793 1740">
    <p class='ocr_par' dir='ltr' id='par_1_8' title="bbox 1621 1671 2793 1740">
     <span class='ocr_line' id='line_1_67' title="bbox 1621 1671 2793 1740; baseline -0.008 -15"><span class='ocrx_word' id='word_1_373' title='bbox 1621 1674 1760 1740; x_wconf 82' lang='lat' dir='ltr'>quod</span> <span class='ocrx_word' id='word_1_374' title='bbox 1784 1675 2020 1725; x_wconf 88' lang='lat' dir='ltr'>modeste</span> <span class='ocrx_word' id='word_1_375' title='bbox 2044 1690 2125 1725; x_wconf 89' lang='lat' dir='ltr'>res</span> <span class='ocrx_word' id='word_1_376' title='bbox 2158 1676 2403 1725; x_wconf 84' lang='lat' dir='ltr'>humanas</span> <span class='ocrx_word' id='word_1_377' title='bbox 2424 1674 2686 1722; x_wconf 66' lang='lat' dir='ltr'>sestimsu-⁸</span> <span class='ocrx_word' id='word_1_378' title='bbox 2772 1671 2793 1686; x_wconf 77' lang='lat'><em>⁶</em></span> 
     </span>
    </p>
   </div>
   <div class='ocr_carea' id='block_1_9' title="bbox 1619 1749 2706 4345">
    <p class='ocr_par' dir='ltr' id='par_1_9' title="bbox 1619 1749 2706 4345">
     <span class='ocr_line' id='line_1_68' title="bbox 1619 1749 2679 1812; baseline -0.005 -11"><span class='ocrx_word' id='word_1_379' title='bbox 1619 1760 1722 1801; x_wconf 86' lang='lat' dir='ltr'>tem</span> <span class='ocrx_word' id='word_1_380' title='bbox 1747 1752 1988 1812; x_wconf 84' lang='lat' dir='ltr'>decebat,</span> <span class='ocrx_word' id='word_1_381' title='bbox 2007 1750 2271 1802; x_wconf 82' lang='lat' dir='ltr'>fortunam</span> <span class='ocrx_word' id='word_1_382' title='bbox 2307 1753 2572 1800; x_wconf 81' lang='lat' dir='ltr'>nominat:</span> <span class='ocrx_word' id='word_1_383' title='bbox 2608 1749 2679 1796; x_wconf 82' lang='lat' dir='ltr'>al·</span> 
     </span>
     <span class='ocr_line' id='line_1_69' title="bbox 1621 1826 2682 1892; baseline -0.003 -15"><span class='ocrx_word' id='word_1_384' title='bbox 1621 1836 1783 1877; x_wconf 85' lang='lat' dir='ltr'>teram</span> <span class='ocrx_word' id='word_1_385' title='bbox 1800 1828 1935 1892; x_wconf 88' lang='lat' dir='ltr'>quod</span> <span class='ocrx_word' id='word_1_386' title='bbox 1947 1829 2216 1878; x_wconf 84' lang='lat' dir='ltr'>honestum</span> <span class='ocrx_word' id='word_1_387' title='bbox 2232 1826 2554 1891; x_wconf 84' lang='lat' dir='ltr'>imperatori.</span> <span class='ocrx_word' id='word_1_388' title='bbox 2566 1840 2682 1887; x_wconf 83' lang='lat' dir='ltr'>spe·</span> 
     </span>
     <span class='ocr_line' id='line_1_70' title="bbox 1620 1901 2706 1967; baseline -0.001 -15"><span class='ocrx_word' id='word_1_389' title='bbox 1620 1901 1784 1952; x_wconf 87' lang='lat' dir='ltr'>cimen</span> <span class='ocrx_word' id='word_1_390' title='bbox 1812 1904 2020 1953; x_wconf 80' lang='lat' dir='ltr'>virtutis</span> <span class='ocrx_word' id='word_1_391' title='bbox 2038 1904 2199 1967; x_wconf 87' lang='lat' dir='ltr'>ipsius</span> <span class='ocrx_word' id='word_1_392' title='bbox 2216 1910 2472 1966; x_wconf 79' lang='lat' dir='ltr'>spectatae</span> <span class='ocrx_word' id='word_1_393' title='bbox 2492 1909 2548 1951; x_wconf 89' lang='lat' dir='ltr'>et</span> <span class='ocrx_word' id='word_1_394' title='bbox 2565 1914 2706 1965; x_wconf 79' lang='lat' dir='ltr'>pro-.</span> 
     </span>
     <span class='ocr_line' id='line_1_71' title="bbox 1623 1978 2682 2045; baseline -0.004 -15"><span class='ocrx_word' id='word_1_395' title='bbox 1623 1980 1761 2030; x_wconf 76' lang='lat' dir='ltr'>batae</span> <span class='ocrx_word' id='word_1_396' title='bbox 1785 1980 1886 2030; x_wconf 88' lang='lat' dir='ltr'>alia</span> <span class='ocrx_word' id='word_1_397' title='bbox 1913 1994 1992 2044; x_wconf 88' lang='lat' dir='ltr'>re,</span> <span class='ocrx_word' id='word_1_398' title='bbox 2013 1995 2166 2045; x_wconf 86' lang='lat' dir='ltr'>quam</span> <span class='ocrx_word' id='word_1_399' title='bbox 2195 1980 2405 2044; x_wconf 85' lang='lat' dir='ltr'>proprie</span> <span class='ocrx_word' id='word_1_400' title='bbox 2436 1978 2682 2028; x_wconf 85' lang='lat' dir='ltr'>militari:</span> 
     </span>
     <span class='ocr_line' id='line_1_72' title="bbox 1619 2049 2698 2120; baseline -0.004 -14"><span class='ocrx_word' id='word_1_401' title='bbox 1619 2057 1719 2108; x_wconf 84' lang='lat' dir='ltr'>boc</span> <span class='ocrx_word' id='word_1_402' title='bbox 1734 2066 1790 2107; x_wconf 89' lang='lat' dir='ltr'>et</span> <span class='ocrx_word' id='word_1_403' title='bbox 1812 2072 2011 2119; x_wconf 75' lang='lat' dir='ltr'>verum,</span> <span class='ocrx_word' id='word_1_404' title='bbox 2025 2063 2082 2107; x_wconf 92' lang='lat' dir='ltr'>et</span> <span class='ocrx_word' id='word_1_405' title='bbox 2100 2072 2308 2114; x_wconf 82' lang='lat' dir='ltr'>novum,</span> <span class='ocrx_word' id='word_1_406' title='bbox 2326 2063 2483 2120; x_wconf 88' lang='lat' dir='ltr'>atque</span> <span class='ocrx_word' id='word_1_407' title='bbox 2496 2049 2698 2104; x_wconf 72' lang='lat' dir='ltr'>mirum‘*</span> 
     </span>
     <span class='ocr_line' id='line_1_73' title="bbox 1620 2133 2687 2201; baseline -0.003 -17"><span class='ocrx_word' id='word_1_408' title='bbox 1620 2134 1765 2201; x_wconf 84' lang='lat' dir='ltr'>(nam</span> <span class='ocrx_word' id='word_1_409' title='bbox 1809 2135 2085 2184; x_wconf 78' lang='lat' dir='ltr'>militarem</span> <span class='ocrx_word' id='word_1_410' title='bbox 2129 2136 2432 2199; x_wconf 80' lang='lat' dir='ltr'>plerumque</span> <span class='ocrx_word' id='word_1_411' title='bbox 2476 2133 2687 2182; x_wconf 78' lang='lat' dir='ltr'>laude&#39;m</span> 
     </span>
     <span class='ocr_line' id='line_1_74' title="bbox 1622 2209 2685 2275; baseline -0.002 -16"><span class='ocrx_word' id='word_1_412' title='bbox 1622 2210 1859 2275; x_wconf 84' lang='lat' dir='ltr'>sequitur</span> <span class='ocrx_word' id='word_1_413' title='bbox 1882 2210 2126 2274; x_wconf 84' lang='lat' dir='ltr'>victoria)</span> <span class='ocrx_word' id='word_1_414' title='bbox 2162 2218 2217 2260; x_wconf 92' lang='lat' dir='ltr'>et</span> <span class='ocrx_word' id='word_1_415' title='bbox 2251 2211 2403 2260; x_wconf 89' lang='lat' dir='ltr'>unice</span> <span class='ocrx_word' id='word_1_416' title='bbox 2426 2209 2530 2258; x_wconf 83' lang='lat' dir='ltr'>buc</span> <span class='ocrx_word' id='word_1_417' title='bbox 2562 2222 2685 2257; x_wconf 79' lang='lat' dir='ltr'>con·</span> 
     </span>
     <span class='ocr_line' id='line_1_75' title="bbox 1622 2286 2687 2350; baseline -0.001 -14"><span class='ocrx_word' id='word_1_418' title='bbox 1622 2302 1829 2350; x_wconf 73' lang='lat' dir='ltr'>gruens.</span> <span class='ocrx_word' id='word_1_419' title='bbox 1895 2287 1981 2337; x_wconf 91' lang='lat' dir='ltr'>Ad</span> <span class='ocrx_word' id='word_1_420' title='bbox 2018 2303 2132 2339; x_wconf 87' lang='lat' dir='ltr'>eam</span> <span class='ocrx_word' id='word_1_421' title='bbox 2168 2288 2480 2338; x_wconf 89' lang='lat' dir='ltr'>sententiam</span> <span class='ocrx_word' id='word_1_422' title='bbox 2524 2286 2687 2335; x_wconf 80' lang='lat' dir='ltr'>verba</span> 
     </span>
     <span class='ocr_line' id='line_1_76' title="bbox 1624 2365 2686 2428; baseline 0.002 -16"><span class='ocrx_word' id='word_1_423' title='bbox 1624 2365 1698 2415; x_wconf 84' lang='lat' dir='ltr'>sic</span> <span class='ocrx_word' id='word_1_424' title='bbox 1721 2365 2025 2427; x_wconf 83' lang='lat' dir='ltr'>aptabamus</span> <span class='ocrx_word' id='word_1_425' title='bbox 2047 2380 2062 2417; x_wconf 73' lang='lat' dir='ltr'>t</span> <span class='ocrx_word' id='word_1_426' title='bbox 2090 2366 2358 2426; x_wconf 75' lang='lat' dir='ltr'>nisortuaa</span> <span class='ocrx_word' id='word_1_427' title='bbox 2379 2365 2686 2428; x_wconf 76' lang='lat' dir='ltr'>imperatoris</span> 
     </span>
     <span class='ocr_line' id='line_1_77' title="bbox 1626 2439 2686 2506; baseline 0.002 -17"><span class='ocrx_word' id='word_1_428' title='bbox 1626 2439 1833 2490; x_wconf 75' lang='lat' dir='ltr'>Romani</span> <span class='ocrx_word' id='word_1_429' title='bbox 1854 2442 2013 2503; x_wconf 78' lang='lat' dir='ltr'>simul,</span> <span class='ocrx_word' id='word_1_430' title='bbox 2032 2446 2081 2493; x_wconf 76' lang='lat' dir='ltr'>et</span> <span class='ocrx_word' id='word_1_431' title='bbox 2101 2442 2308 2506; x_wconf 74' lang='lat' dir='ltr'>cognite</span> <span class='ocrx_word' id='word_1_432' title='bbox 2328 2457 2380 2492; x_wconf 79' lang='lat' dir='ltr'>re</span> <span class='ocrx_word' id='word_1_433' title='bbox 2402 2457 2497 2492; x_wconf 76' lang='lat' dir='ltr'>non</span> <span class='ocrx_word' id='word_1_434' title='bbox 2519 2440 2686 2492; x_wconf 76' lang='lat' dir='ltr'>bellica</span> 
     </span>
     <span class='ocr_line' id='line_1_78' title="bbox 1621 2518 2689 2582; baseline 0 -16"><span class='ocrx_word' id='word_1_435' title='bbox 1621 2518 1736 2567; x_wconf 75' lang='lat' dir='ltr'>virt.</span> <span class='ocrx_word' id='word_1_436' title='bbox 1747 2532 1891 2582; x_wconf 66' lang='lat' dir='ltr'>spec„</span> <span class='ocrx_word' id='word_1_437' title='bbox 1905 2520 1951 2568; x_wconf 82' lang='lat' dir='ltr'>ei</span> <span class='ocrx_word' id='word_1_438' title='bbox 1967 2525 2199 2570; x_wconf 73' lang='lat' dir='ltr'>maturam</span> <span class='ocrx_word' id='word_1_439' title='bbox 2212 2522 2329 2569; x_wconf 77' lang='lat' dir='ltr'>ciet.</span> <span class='ocrx_word' id='word_1_440' title='bbox 2346 2519 2572 2569; x_wconf 77' lang='lat' dir='ltr'>dedisset.</span> <span class='ocrx_word' id='word_1_441' title='bbox 2591 2519 2689 2568; x_wconf 88' lang='lat' dir='ltr'>Est</span> 
     </span>
     <span class='ocr_line' id='line_1_79' title="bbox 1625 2589 2688 2659; baseline -0.001 -17"><span class='ocrx_word' id='word_1_442' title='bbox 1625 2601 1799 2643; x_wconf 87' lang='lat' dir='ltr'>autem</span> <span class='ocrx_word' id='word_1_443' title='bbox 1820 2594 1988 2658; x_wconf 78' lang='lat' dir='ltr'>figura</span> <span class='ocrx_word' id='word_1_444' title='bbox 2019 2596 2263 2659; x_wconf 79' lang='lat' dir='ltr'>ioqueudi</span> <span class='ocrx_word' id='word_1_445' title='bbox 2288 2595 2554 2644; x_wconf 78' lang='lat' dir='ltr'>veteribus</span> <span class='ocrx_word' id='word_1_446' title='bbox 2582 2589 2688 2643; x_wconf 53' lang='lat' dir='ltr'>fre-2</span> 
     </span>
     <span class='ocr_line' id='line_1_80' title="bbox 1625 2668 2688 2737; baseline 0 -18"><span class='ocrx_word' id='word_1_447' title='bbox 1625 2684 1805 2736; x_wconf 88' lang='lat' dir='ltr'>quens,</span> <span class='ocrx_word' id='word_1_448' title='bbox 1830 2676 1905 2728; x_wconf 89' lang='lat' dir='ltr'>ut,</span> <span class='ocrx_word' id='word_1_449' title='bbox 1928 2672 2265 2735; x_wconf 85' lang='lat' dir='ltr'>exprimendo</span> <span class='ocrx_word' id='word_1_450' title='bbox 2294 2670 2419 2737; x_wconf 84' lang='lat' dir='ltr'>quid</span> <span class='ocrx_word' id='word_1_451' title='bbox 2448 2683 2550 2720; x_wconf 90' lang='lat' dir='ltr'>non</span> <span class='ocrx_word' id='word_1_452' title='bbox 2575 2668 2688 2719; x_wconf 82' lang='lat' dir='ltr'>fue·</span> 
     </span>
     <span class='ocr_line' id='line_1_81' title="bbox 1624 2746 2687 2812; baseline 0 -18"><span class='ocrx_word' id='word_1_453' title='bbox 1624 2746 1713 2803; x_wconf 88' lang='lat' dir='ltr'>rit,</span> <span class='ocrx_word' id='word_1_454' title='bbox 1768 2747 2051 2811; x_wconf 84' lang='lat' dir='ltr'>subjiciant</span> <span class='ocrx_word' id='word_1_455' title='bbox 2107 2748 2443 2812; x_wconf 76' lang='lat' dir='ltr'>cogitandum</span> <span class='ocrx_word' id='word_1_456' title='bbox 2500 2746 2687 2796; x_wconf 87' lang='lat' dir='ltr'>lectori</span> 
     </span>
     <span class='ocr_line' id='line_1_82' title="bbox 1625 2822 2687 2888; baseline 0.001 -16"><span class='ocrx_word' id='word_1_457' title='bbox 1625 2824 1750 2888; x_wconf 85' lang='lat' dir='ltr'>quid</span> <span class='ocrx_word' id='word_1_458' title='bbox 1771 2822 1946 2874; x_wconf 84' lang='lat' dir='ltr'>fuerit.</span> <span class='ocrx_word' id='word_1_459' title='bbox 2012 2826 2109 2875; x_wconf 85' lang='lat' dir='ltr'>Vir</span> <span class='ocrx_word' id='word_1_460' title='bbox 2129 2825 2526 2887; x_wconf 86' lang='lat' dir='ltr'>eruditissimus,</span> <span class='ocrx_word' id='word_1_461' title='bbox 2542 2829 2687 2887; x_wconf 86' lang='lat' dir='ltr'>post·</span> 
     </span>
     <span class='ocr_line' id='line_1_83' title="bbox 1626 2901 2683 2966; baseline -0.001 -17"><span class='ocrx_word' id='word_1_462' title='bbox 1626 2916 1777 2965; x_wconf 83' lang='lat' dir='ltr'>quam</span> <span class='ocrx_word' id='word_1_463' title='bbox 1843 2902 1973 2951; x_wconf 76' lang='lat' dir='ltr'>hanc</span> <span class='ocrx_word' id='word_1_464' title='bbox 2034 2916 2149 2951; x_wconf 91' lang='lat' dir='ltr'>cum</span> <span class='ocrx_word' id='word_1_465' title='bbox 2201 2913 2263 2950; x_wconf 87' lang='lat' dir='ltr'>eo</span> <span class='ocrx_word' id='word_1_466' title='bbox 2320 2901 2683 2966; x_wconf 83' lang='lat' dir='ltr'>conjecturam</span> 
     </span>
     <span class='ocr_line' id='line_1_84' title="bbox 1626 2975 2689 3041; baseline -0.004 -13"><span class='ocrx_word' id='word_1_467' title='bbox 1626 2980 2110 3039; x_wconf 81' lang='lat' dir='ltr'>communicassem,</span> <span class='ocrx_word' id='word_1_468' title='bbox 2130 2977 2461 3041; x_wconf 81' lang='lat' dir='ltr'>subjiciebat,</span> <span class='ocrx_word' id='word_1_469' title='bbox 2482 2990 2541 3025; x_wconf 84' lang='lat' dir='ltr'>se</span> <span class='ocrx_word' id='word_1_470' title='bbox 2563 2975 2689 3025; x_wconf 86' lang='lat' dir='ltr'>mal·</span> 
     </span>
     <span class='ocr_line' id='line_1_85' title="bbox 1626 3052 2691 3117; baseline -0.001 -15"><span class='ocrx_word' id='word_1_471' title='bbox 1626 3053 1677 3102; x_wconf 86' lang='lat' dir='ltr'>le</span> <span class='ocrx_word' id='word_1_472' title='bbox 1720 3054 1915 3117; x_wconf 76' lang='lat' dir='ltr'>legere,</span> <span class='ocrx_word' id='word_1_473' title='bbox 1969 3052 2228 3115; x_wconf 71' lang='lat' dir='ltr'>incognita</span> <span class='ocrx_word' id='word_1_474' title='bbox 2280 3054 2420 3104; x_wconf 74' lang='lat' dir='ltr'>rebus</span> <span class='ocrx_word' id='word_1_475' title='bbox 2456 3052 2643 3103; x_wconf 75' lang='lat' dir='ltr'>bellicis</span> <span class='ocrx_word' id='word_1_476' title='bbox 2672 3067 2691 3101; x_wconf 79' lang='lat'>.-</span> 
     </span>
     <span class='ocr_line' id='line_1_86' title="bbox 1626 3130 2688 3196; baseline -0.001 -16"><span class='ocrx_word' id='word_1_477' title='bbox 1626 3130 1765 3196; x_wconf 83' lang='lat' dir='ltr'>quod</span> <span class='ocrx_word' id='word_1_478' title='bbox 1820 3131 1874 3180; x_wconf 89' lang='lat' dir='ltr'>in</span> <span class='ocrx_word' id='word_1_479' title='bbox 1927 3131 2026 3181; x_wconf 84' lang='lat' dir='ltr'>hoc</span> <span class='ocrx_word' id='word_1_480' title='bbox 2079 3132 2309 3182; x_wconf 88' lang='lat' dir='ltr'>seculum</span> <span class='ocrx_word' id='word_1_481' title='bbox 2359 3140 2414 3180; x_wconf 93' lang='lat' dir='ltr'>et</span> <span class='ocrx_word' id='word_1_482' title='bbox 2468 3132 2688 3180; x_wconf 84' lang='lat' dir='ltr'>Romam</span> 
     </span>
     <span class='ocr_line' id='line_1_87' title="bbox 1625 3208 2687 3273; baseline 0 -17"><span class='ocrx_word' id='word_1_483' title='bbox 1625 3215 1923 3272; x_wconf 87' lang='lat' dir='ltr'>corruptam</span> <span class='ocrx_word' id='word_1_484' title='bbox 1958 3208 2095 3257; x_wconf 81' lang='lat' dir='ltr'>belle</span> <span class='ocrx_word' id='word_1_485' title='bbox 2124 3208 2399 3273; x_wconf 76' lang='lat' dir='ltr'>congruit3</span> <span class='ocrx_word' id='word_1_486' title='bbox 2435 3223 2537 3258; x_wconf 90' lang='lat' dir='ltr'>non</span> <span class='ocrx_word' id='word_1_487' title='bbox 2573 3219 2687 3258; x_wconf 79' lang='lat' dir='ltr'>earn</span> 
     </span>
     <span class='ocr_line' id='line_1_88' title="bbox 1627 3284 2688 3349; baseline 0.002 -17"><span class='ocrx_word' id='word_1_488' title='bbox 1627 3298 1781 3349; x_wconf 84' lang='lat' dir='ltr'>quam</span> <span class='ocrx_word' id='word_1_489' title='bbox 1815 3284 2059 3334; x_wconf 86' lang='lat' dir='ltr'>hactenus</span> <span class='ocrx_word' id='word_1_490' title='bbox 2090 3291 2300 3336; x_wconf 81' lang='lat' dir='ltr'>enarrat</span> <span class='ocrx_word' id='word_1_491' title='bbox 2322 3285 2517 3335; x_wconf 80' lang='lat' dir='ltr'>Livius.</span> <span class='ocrx_word' id='word_1_492' title='bbox 2548 3287 2603 3336; x_wconf 83' lang='lat' dir='ltr'>J.</span> <span class='ocrx_word' id='word_1_493' title='bbox 2625 3284 2688 3334; x_wconf 85' lang='lat' dir='ltr'>F.</span> 
     </span>
     <span class='ocr_line' id='line_1_89' title="bbox 1630 3359 2687 3425; baseline 0.001 -16"><span class='ocrx_word' id='word_1_494' title='bbox 1630 3359 1785 3409; x_wconf 72' lang='lat' dir='ltr'>Gran.</span> <span class='ocrx_word' id='word_1_495' title='bbox 1818 3373 1969 3425; x_wconf 86' lang='lat' dir='ltr'>quem</span> <span class='ocrx_word' id='word_1_496' title='bbox 2006 3362 2163 3411; x_wconf 87' lang='lat' dir='ltr'>etiam</span> <span class='ocrx_word' id='word_1_497' title='bbox 2189 3360 2307 3411; x_wconf 78' lang='lat' dir='ltr'>vide</span> <span class='ocrx_word' id='word_1_498' title='bbox 2342 3363 2392 3411; x_wconf 89' lang='lat' dir='ltr'>in</span> <span class='ocrx_word' id='word_1_499' title='bbox 2428 3361 2599 3425; x_wconf 87' lang='lat' dir='ltr'>Epist.</span> <span class='ocrx_word' id='word_1_500' title='bbox 2621 3361 2687 3411; x_wconf 86' lang='lat' dir='ltr'>ad</span> 
     </span>
     <span class='ocr_line' id='line_1_90' title="bbox 1628 3437 2687 3498; baseline 0 -11"><span class='ocrx_word' id='word_1_501' title='bbox 1628 3437 1750 3487; x_wconf 90' lang='lat' dir='ltr'>Nic.</span> <span class='ocrx_word' id='word_1_502' title='bbox 1776 3437 2065 3498; x_wconf 86' lang='lat' dir='ltr'>Heinsium‚</span> <span class='ocrx_word' id='word_1_503' title='bbox 2086 3437 2229 3487; x_wconf 89' lang='lat' dir='ltr'>edita</span> <span class='ocrx_word' id='word_1_504' title='bbox 2263 3454 2294 3487; x_wconf 85' lang='lat' dir='ltr'>a</span> <span class='ocrx_word' id='word_1_505' title='bbox 2321 3439 2609 3491; x_wconf 70' lang='lat' dir='ltr'>Burmann.</span> <span class='ocrx_word' id='word_1_506' title='bbox 2634 3438 2687 3487; x_wconf 89' lang='lat' dir='ltr'>in</span> 
     </span>
     <span class='ocr_line' id='line_1_91' title="bbox 1627 3512 2689 3578; baseline 0.003 -17"><span class='ocrx_word' id='word_1_507' title='bbox 1627 3512 1823 3577; x_wconf 76' lang='lat' dir='ltr'>Syllog.</span> <span class='ocrx_word' id='word_1_508' title='bbox 1848 3514 2015 3577; x_wconf 89' lang='lat' dir='ltr'>Epist.</span> <span class='ocrx_word' id='word_1_509' title='bbox 2050 3521 2179 3564; x_wconf 89' lang='lat' dir='ltr'>tom.</span> <span class='ocrx_word' id='word_1_510' title='bbox 2209 3526 2301 3565; x_wconf 82' lang='lat' dir='ltr'>tu.</span> <span class='ocrx_word' id='word_1_511' title='bbox 2328 3529 2382 3578; x_wconf 86' lang='lat' dir='ltr'>p.</span> <span class='ocrx_word' id='word_1_512' title='bbox 2405 3518 2523 3563; x_wconf 81' lang='lat'>251.</span> <span class='ocrx_word' id='word_1_513' title='bbox 2590 3515 2689 3564; x_wconf 86' lang='lat' dir='ltr'>Le·</span> 
     </span>
     <span class='ocr_line' id='line_1_92' title="bbox 1627 3590 2689 3654; baseline 0.002 -15"><span class='ocrx_word' id='word_1_514' title='bbox 1627 3591 1855 3654; x_wconf 74' lang='lat' dir='ltr'>gendum</span> <span class='ocrx_word' id='word_1_515' title='bbox 1887 3604 1998 3640; x_wconf 88' lang='lat' dir='ltr'>esse</span> <span class='ocrx_word' id='word_1_516' title='bbox 2030 3592 2331 3654; x_wconf 75' lang='lat' dir='ltr'>imperatoris</span> <span class='ocrx_word' id='word_1_517' title='bbox 2352 3592 2581 3652; x_wconf 70' lang='lat' dir='ltr'>Romani,</span> <span class='ocrx_word' id='word_1_518' title='bbox 2613 3590 2689 3641; x_wconf 83' lang='lat' dir='ltr'>fa·</span> 
     </span>
     <span class='ocr_line' id='line_1_93' title="bbox 1626 3668 2688 3733; baseline 0.001 -16"><span class='ocrx_word' id='word_1_519' title='bbox 1626 3669 1728 3718; x_wconf 83' lang='lat' dir='ltr'>cile</span> <span class='ocrx_word' id='word_1_520' title='bbox 1749 3668 1866 3733; x_wconf 82' lang='lat' dir='ltr'>quis</span> <span class='ocrx_word' id='word_1_521' title='bbox 1899 3669 2222 3719; x_wconf 74' lang='lat' dir='ltr'>adsentiatur</span> <span class='ocrx_word' id='word_1_522' title='bbox 2256 3669 2540 3733; x_wconf 81' lang='lat' dir='ltr'>Gronovio,</span> <span class='ocrx_word' id='word_1_523' title='bbox 2572 3683 2688 3720; x_wconf 86' lang='lat' dir='ltr'>cum</span> 
     </span>
     <span class='ocr_line' id='line_1_94' title="bbox 1625 3742 2689 3809; baseline 0.003 -17"><span class='ocrx_word' id='word_1_524' title='bbox 1625 3757 1692 3793; x_wconf 87' lang='lat' dir='ltr'>ex</span> <span class='ocrx_word' id='word_1_525' title='bbox 1726 3744 1827 3794; x_wconf 77' lang='lat' dir='ltr'>iilis</span> <span class='ocrx_word' id='word_1_526' title='bbox 1865 3759 1980 3809; x_wconf 75' lang='lat' dir='ltr'>quoe</span> <span class='ocrx_word' id='word_1_527' title='bbox 2026 3745 2092 3794; x_wconf 93' lang='lat' dir='ltr'>de</span> <span class='ocrx_word' id='word_1_528' title='bbox 2141 3742 2349 3794; x_wconf 84' lang='lat' dir='ltr'>fortuna</span> <span class='ocrx_word' id='word_1_529' title='bbox 2393 3761 2454 3795; x_wconf 88' lang='lat' dir='ltr'>ac</span> <span class='ocrx_word' id='word_1_530' title='bbox 2494 3747 2689 3796; x_wconf 82' lang='lat' dir='ltr'>virtute</span> 
     </span>
     <span class='ocr_line' id='line_1_95' title="bbox 1627 3819 2690 3887; baseline 0.003 -18"><span class='ocrx_word' id='word_1_531' title='bbox 1627 3819 1881 3884; x_wconf 88' lang='lat' dir='ltr'>disputat,</span> <span class='ocrx_word' id='word_1_532' title='bbox 1920 3828 2030 3871; x_wconf 89' lang='lat' dir='ltr'>tum</span> <span class='ocrx_word' id='word_1_533' title='bbox 2068 3823 2199 3887; x_wconf 75' lang='lat' dir='ltr'>qudd</span> <span class='ocrx_word' id='word_1_534' title='bbox 2246 3822 2439 3872; x_wconf 89' lang='lat' dir='ltr'>librarii</span> <span class='ocrx_word' id='word_1_535' title='bbox 2485 3838 2516 3870; x_wconf 90' lang='lat' dir='ltr'>e</span> <span class='ocrx_word' id='word_1_536' title='bbox 2553 3835 2690 3874; x_wconf 87' lang='lat' dir='ltr'>com·</span> 
     </span>
     <span class='ocr_line' id='line_1_96' title="bbox 1627 3897 2700 3965; baseline 0.005 -20"><span class='ocrx_word' id='word_1_537' title='bbox 1627 3897 1895 3961; x_wconf 85' lang='lat' dir='ltr'>pendiaria</span> <span class='ocrx_word' id='word_1_538' title='bbox 1938 3900 2196 3962; x_wconf 84' lang='lat' dir='ltr'>scriptura</span> <span class='ocrx_word' id='word_1_539' title='bbox 2238 3899 2364 3962; x_wconf 82' lang='lat' dir='ltr'>Imp.</span> <span class='ocrx_word' id='word_1_540' title='bbox 2406 3900 2555 3950; x_wconf 75' lang='lat' dir='ltr'>Rom.</span> <span class='ocrx_word' id='word_1_541' title='bbox 2597 3905 2700 3965; x_wconf 79' lang='lat' dir='ltr'>pro²</span> 
     </span>
     <span class='ocr_line' id='line_1_97' title="bbox 1626 3974 2692 4040; baseline 0.003 -17"><span class='ocrx_word' id='word_1_542' title='bbox 1626 3986 1720 4023; x_wconf 90' lang='lat' dir='ltr'>suo</span> <span class='ocrx_word' id='word_1_543' title='bbox 1739 3983 1902 4037; x_wconf 90' lang='lat' dir='ltr'>captu</span> <span class='ocrx_word' id='word_1_544' title='bbox 1929 3975 2009 4024; x_wconf 79' lang='lat' dir='ltr'>vei</span> <span class='ocrx_word' id='word_1_545' title='bbox 2034 3975 2248 4025; x_wconf 83' lang='lat' dir='ltr'>arbitrio</span> <span class='ocrx_word' id='word_1_546' title='bbox 2270 3974 2503 4025; x_wconf 78' lang='lat' dir='ltr'>dativum</span> <span class='ocrx_word' id='word_1_547' title='bbox 2537 3984 2692 4040; x_wconf 85' lang='lat' dir='ltr'>potu·</span> 
     </span>
     <span class='ocr_line' id='line_1_98' title="bbox 1628 4045 2687 4115; baseline 0.002 -15"><span class='ocrx_word' id='word_1_548' title='bbox 1628 4058 1782 4100; x_wconf 86' lang='lat' dir='ltr'>eruut</span> <span class='ocrx_word' id='word_1_549' title='bbox 1806 4049 1982 4101; x_wconf 83' lang='lat' dir='ltr'>facere</span> <span class='ocrx_word' id='word_1_550' title='bbox 2006 4066 2101 4114; x_wconf 89' lang='lat' dir='ltr'>pro</span> <span class='ocrx_word' id='word_1_551' title='bbox 2119 4052 2366 4115; x_wconf 77' lang='lat' dir='ltr'>genitivo.</span> <span class='ocrx_word' id='word_1_552' title='bbox 2423 4045 2687 4102; x_wconf 83' lang='lat' dir='ltr'>Hearnius</span> 
     </span>
     <span class='ocr_line' id='line_1_99' title="bbox 1627 4125 2690 4192; baseline 0.003 -17"><span class='ocrx_word' id='word_1_553' title='bbox 1627 4130 1833 4192; x_wconf 80' lang='lat' dir='ltr'>quoque</span> <span class='ocrx_word' id='word_1_554' title='bbox 1855 4142 1913 4178; x_wconf 88' lang='lat' dir='ltr'>se</span> <span class='ocrx_word' id='word_1_555' title='bbox 1935 4125 2020 4177; x_wconf 82' lang='lat' dir='ltr'>hic</span> <span class='ocrx_word' id='word_1_556' title='bbox 2051 4129 2103 4177; x_wconf 90' lang='lat' dir='ltr'>iu</span> <span class='ocrx_word' id='word_1_557' title='bbox 2126 4127 2327 4179; x_wconf 87' lang='lat' dir='ltr'>duobus</span> <span class='ocrx_word' id='word_1_558' title='bbox 2357 4128 2508 4177; x_wconf 86' lang='lat' dir='ltr'>codd.</span> <span class='ocrx_word' id='word_1_559' title='bbox 2539 4125 2588 4178; x_wconf 81' lang='lat' dir='ltr'>&#39;ei</span> <span class='ocrx_word' id='word_1_560' title='bbox 2613 4131 2690 4178; x_wconf 89' lang='lat' dir='ltr'>in·</span> 
     </span>
     <span class='ocr_line' id='line_1_100' title="bbox 1629 4204 2702 4269; baseline 0.004 -17"><span class='ocrx_word' id='word_1_561' title='bbox 1629 4205 1836 4254; x_wconf 78' lang='lat' dir='ltr'>venisse</span> <span class='ocrx_word' id='word_1_562' title='bbox 1872 4210 2138 4266; x_wconf 79' lang='lat' dir='ltr'>testatur3</span> <span class='ocrx_word' id='word_1_563' title='bbox 2176 4212 2230 4254; x_wconf 91' lang='lat' dir='ltr'>et</span> <span class='ocrx_word' id='word_1_564' title='bbox 2266 4204 2531 4254; x_wconf 80' lang='lat' dir='ltr'>Guilielm.</span> <span class='ocrx_word' id='word_1_565' title='bbox 2567 4211 2702 4269; x_wconf 53' lang='lat' dir='ltr'>capi</span> 
     </span>
     <span class='ocr_line' id='line_1_101' title="bbox 1626 4279 2683 4345; baseline 0.002 -17"><span class='ocrx_word' id='word_1_566' title='bbox 1626 4281 1678 4328; x_wconf 73' lang='lat'>4.</span> <span class='ocrx_word' id='word_1_567' title='bbox 1713 4281 1915 4333; x_wconf 74' lang='lat' dir='ltr'>Quoest.</span> <span class='ocrx_word' id='word_1_568' title='bbox 1951 4282 2129 4330; x_wconf 78' lang='lat' dir='ltr'>Plaut.</span> <span class='ocrx_word' id='word_1_569' title='bbox 2166 4280 2321 4345; x_wconf 83' lang='lat' dir='ltr'>Capt.</span> <span class='ocrx_word' id='word_1_570' title='bbox 2364 4281 2520 4330; x_wconf 87' lang='lat' dir='ltr'>etiam</span> <span class='ocrx_word' id='word_1_571' title='bbox 2564 4279 2683 4332; x_wconf 79' lang='lat' dir='ltr'>alibi</span> 
     </span>
    </p>
   </div>
  </div>
 </body>
</html>
