2934 4925
456 390 629 457 8106

526 547 620 598 Cas*
639 551 792 598 certos
823 546 918 596 sibi
954 544 1042 597 uni
1078 542 1275 597 tonores
1293 545 1423 595 inter
1441 544 1518 595 di·

455 627 684 676 niu-tea
722 624 1047 689 competitores
1097 637 1286 687 aquam
1330 626 1517 672 censeat

455 706 578 769 esse]
624 704 724 760 Qui
756 701 1296 759 certmst-..honorem
1328 699 1518 750 relicta

454 795 618 845 parva
639 781 845 840 lscuua,
871 779 1091 829 Gaertn.
1121 778 1203 841 qui
1223 783 1403 827 ceteros
1420 775 1518 825 sibi

452 857 539 907 ιιιιι·
579 858 775 907 honores
817 857 939 906 [ιον.
974 859 1023 905 2.
1050 861 1125 906 'et
1163 852 1402 920 quedam
1446 867 1516 902 ex

454 939 584 984 vett.
611 933 732 983 edd.
799 933 935 982 Vide
968 930 1033 981 ad
1072 944 1272 982 xxxiv.
1295 933 1377 980 36.
1412 930 1514 992 ξεί.

453 1010 663 1060 Deinde
715 1010 845 1060 inter
895 1010 1124 1060 micantes
1189 1006 1516 1071 competitores

454 1082 606 1137 Harl.
625 1088 673 1136 1.
721 1085 924 1149 Verum,
947 1086 1040 1135 has
1065 1099 1215 1136 voces
1236 1084 1392 1133 etiam
1418 1082 1515 1132 ali-

451 1161 506 1212 bi
528 1162 726 1213 scribas
743 1169 1105 1226 commutasse,
1124 1162 1415 1211 docuerunt
1439 1159 1515 1209 vi·

452 1239 497 1289 ri
521 1240 665 1290 docti
688 1239 753 1289 ad
776 1239 994 1290 Sueton.
1017 1239 1153 1302 Aug.
1174 1254 1220 1289 c.
1239 1242 1319 1288 la.

517 1318 595 1380 §8
617 1316 863 1366 Licinium
873 1315 1201 1380 Sextumque,
1218 1327 1411 1377 quorum
1424 1328 1513 1364 an·

431 1403 537 1443 'nos
557 1394 612 1443 ἐι
637 1400 864 1457 perpetua
886 1396 1141 1456 potestate,
1166 1396 1406 1453 tamquam
1434 1404 1512 1440 re·

444 1484 563 1531 guas
581 1470 633 1519 ιἰι
658 1470 913 1534 Capitolio,
934 1467 1219 1531 numeratis]
1253 1466 1392 1520 Quid
1430 1474 1513 1518 est

447 1560 613 1607 regnas
649 1547 701 1596 in
735 1546 1004 1609 Capitolio?
1070 1545 1152 1595 An
1190 1544 1511 1608 signatorum

445 1620 504 1671 in
547 1622 853 1687 Capitolinis
895 1620 1043 1672 fastis
1067 1622 1087 1671 ἒ
1174 1621 1337 1673 Quasi
1390 1635 1511 1670 nus-

449 1713 602 1764 quam
639 1699 761 1749 alibi
782 1699 1046 1749 numerari
1068 1709 1248 1761 regum
1273 1696 1394 1746 anni
1420 1711 1512 1761 po-

1151 401 1370 451 ⁸01*AE

447 1775 660 1826 tuerint.
725 1774 809 1826 An
834 1776 1188 1826 tribunorum?
1218 1780 1274 1825 at
1305 1775 1511 1825 illorum

445 1850 500 1901 in
537 1848 705 1914 fastis,
733 1858 990 1917 quatenus
1024 1858 1319 1918 supersunt,
1353 1850 1512 1902 vesti·

444 1926 587 1992 ‘inm
624 1929 838 1978 nullum.
918 1929 1058 1981 Acta
1093 1929 1307 1988 urbana,
1349 1928 1430 1977 vel
1467 1926 1513 1979 si

444 2018 549 2068 qua
583 2003 795 2056 fuerunt
820 2008 1047 2072 collegii,
1068 2008 1147 2057 his
1168 2006 1514 2058 sufficiebant.

446 2079 531 2131 An
566 2082 814 2136 inseritur
852 2084 1047 2135 mentio
1087 2083 1355 2149 Capitolii,
1379 2091 1512 2133 'tan-

444 2172 598 2222 quam
622 2160 741 2216 loci.
764 2162 853 2212 ubi
880 2169 989 2212 tum
1013 2162 1261 2226 temporis
1284 2160 1512 2225 plerum-

444 2249 548 2299 que
584 2237 795 2303 comitia
837 2237 1117 2288 tribunicia
1154 2238 1512 2289 haberentur?

444 2311 583 2362 Nam
605 2313 656 2362 in
681 2328 803 2364 area
817 2316 1118 2379 Capitolina
1139 2327 1509 2379 nonnunquam

439 2386 621 2438 habita
644 2404 756 2441 esse
781 2397 1006 2444 constat.
1040 2392 1122 2442 An
1144 2393 1314 2455 potius
1336 2392 1509 2454 legen·

444 2466 566 2516 dum
609 2468 663 2517 ἰιι
708 2470 919 2535 Οᾰιιιῳο,·
958 2472 1037 2520 vel
1077 2471 1131 2520 in
1170 2469 1392 2519 comitio?
1424 2468 1509 2519 hic

441 2542 580 2593 enim
614 2546 825 2610 sepius.
893 2547 1008 2599 Nisi
1045 2554 1256 2597 resecta
1289 2552 1509 2612 utraque

444 2633 574 2671 voce
609 2622 789 2673 Livius
834 2623 1067 2689 reliquit,
1109 2636 1306 2687 quornm
1356 2636 1508 2672 annos

441 2693 495 2744 ἰιι
522 2703 753 2759 perpetua
779 2704 1036 2763 potestate,
1068 2704 1290 2762 tanquam
1320 2710 1507 2761 regum,

441 2776 720 2825 numeratis.
786 2776 1113 2841 Adjecerunt
1142 2782 1314 2826 nutem
1335 2777 1388 2825 ιἰι
1411 2779 1508 2826 Ca·

437 2851 625 2915 piatio,
647 2853 734 2917 qui
759 2855 1094 2917 semiplenam
1117 2853 1388 2917 periodum
1413 2869 1506 2917 pu·

443 2932 638 2990 tarent,
662 2929 760 2978 nisi
784 2937 1136 2994 apponeretur
1155 2929 1345 2995 aliquid
1369 2931 1506 2994 regi-

441 3001 559 3065 bus,
593 3010 650 3053 ut
683 3004 838 3055 adest
875 3005 1097 3057 tribunis
1131 3006 1146 3035 ‘
1171 3005 1225 3055 in
1248 3014 1504 3070 perpetua

440 3085 708 3141 potestate
727 3081 762 3131 ε’
807 3083 950 3146 quasi
1003 3096 1106 3132 non
1150 3081 1251 3132 hoc
1299 3096 1505 3147 quoque

351 3170 370 3185 ⁴
441 3155 734 3215 pertineret
756 3157 821 3206 sd
845 3172 1012 3222 reges.
1033 3160 1089 3208 J.
1105 3158 1169 3208 F.
1189 3159 1344 3207 (ἔνων.
1398 3158 1506 3210 Re·

439 3230 598 3292 spicit
654 3233 826 3283 Livius
880 3249 1059 3299 regum
1114 3240 1337 3300 statuas,
1386 3250 1506 3301 qum

442 3314 594 3359 erant
638 3309 821 3372 positae
861 3311 914 3361 in
955 3310 1235 3375 Capitolio,
1263 3326 1504 3377 quarum-

443 3398 545 3448 que
581 3384 792 3436 basibus
829 3400 1072 3438 numerus
1096 3402 1368 3445 annorum,
1390 3391 1505 3454 qui-

437 3459 556 3515 bus,
598 3470 961 3526 regnaverant,
1025 3470 1141 3514 erat
1205 3465 1506 3530 inscriptus.

442 3536 572 3588 Cum
609 3545 783 3593 autem
818 3541 881 3592 G.
913 3542 1143 3592 Licinius
1174 3542 1323 3593 Stolo
1358 3550 1414 3593 et
1443 3545 1504 3594 L.

441 3608 653 3665 Sextius
695 3632 791 3680 per
830 3619 1024 3684 aliquot
1066 3634 1227 3670 annos
1266 3620 1505 3670 continui

436 3690 629 3743 tribuni
654 3693 819 3757 plebis
848 3694 1092 3760 fuissent,
1126 3711 1306 3747 eorum
1342 3711 1503 3746 annos

437 3766 514 3817 ait
553 3768 801 3821 Claudius
846 3772 1108 3822 numerari
1150 3773 1204 3821 in
1245 3778 1504 3837 perpetua

434 3849 703 3907 potestate
725 3847 808 3895 vel
830 3848 1127 3911 continuos,
1143 3863 1248 3899 non
1269 3863 1417 3900 secus
1438 3862 1503 3898 ac

435 3917 491 3967 in
517 3919 702 3984 titulis,
722 3923 812 3987 qui
833 3923 1001 3974 additi
1027 3933 1173 3977 erant
1196 3940 1372 3990 regum
1394 3932 1500 3976 sta·

438 3995 557 4045 tuis·
606 3998 741 4049 Nam
764 4015 883 4051 cum
906 4002 959 4059 ii,
974 4003 1062 4067 qui
1083 4002 1305 4055 honores
1327 4003 1502 4053 diver-

437 4070 508 4119 sis
530 4072 728 4123 vicibus
745 4079 1050 4142 gessissent,
1065 4079 1371 4131 dicebantur
1396 4086 1501 4128 ter-

438 4146 587 4212 tium,
610 4158 871 4215 quartum,
908 4155 1160 4218 quintum,
1187 4158 1283 4206 &c.
1318 4170 1502 4207 consu·

432 4223 509 4272 ies
554 4226 636 4274 vel
679 4228 874 4277 tribuni
916 4231 1105 4294 plebis,
1138 4232 1189 4283 hi
1226 4246 1255 4281 e
1293 4231 1501 4282 diverso

434 4308 679 4367 poterant
701 4302 913 4356 inscribi
938 4307 1131 4359 tribuni
1162 4308 1330 4373 plebis
1354 4309 1501 4359 verbi

1421 400 1830 450 vammum
1880 400 1957 450 ΙΝ

1591 557 1747 594 causa
1789 543 1970 595 decem
2003 544 2086 594 vel
2123 543 2348 609 plurium
2380 547 2655 597 annorum.

1587 618 1798 669 Statuas
1822 627 1995 668 autem
2028 618 2239 670 Romuli
2260 628 2316 671 et
2339 622 2655 685 reliquorum

1587 707 1768 758 regum
1791 694 1950 746 fuisse
1969 696 2023 745 in
2046 697 2332 761 Capitolio,
2351 713 2441 747 nos
2464 699 2658 749 docent

1588 778 1810 821 veteres.
1881 771 2132 823 Asconius
2167 773 2221 823 in
2258 773 2411 823 Orat.
2446 789 2539 838 pro
2573 774 2653 826 M.

1589 849 1788 900 Scauro
1810 858 2129 902 extremam:
2155 852 2170 880 ‘
2191 851 2324 903 Cato
2348 860 2543 916 praetor
2564 853 2653 916 ju·

1587 924 1800 983 dicium,
1841 928 1964 992 quia
2003 935 2193 978 aestate
2234 929 2504 992 agebatur,
2540 931 2654 978 'sine

1589 1003 1768 1054 tunica
1801 1005 2058 1069 exercuit,
2083 1007 2365 1070 campestri
2397 1006 2494 1056 sub
2527 1013 2652 1070 toga

1588 1079 1813 1132 cinctus.
1890 1081 1955 1131 In
1996 1080 2165 1131 forum
2202 1096 2408 1147 quoque
2446 1083 2522 1132 sic
2561 1082 2652 1131 de·

1587 1156 1878 1219 scenderst‚
1903 1158 2093 1224 jusque
2117 1158 2347 1222 dicebat,
2375 1159 2533 1223 idque
2570 1173 2649 1208 rs·

1587 1241 1798 1297 pererat
1825 1276 1835 1286 .
1858 1234 1977 1297 (alii
2018 1233 2302 1300 repetierat)
2356 1249 2424 1284 ex
2472 1241 2651 1285 vetere

1587 1309 1981 1368 consuetudine,
2034 1310 2316 1361 secundum
2384 1326 2539 1376 quam
2580 1315 2651 1362 'et

1587 1387 1793 1438 Romuli
1819 1390 1989 1439 aetatis
2022 1396 2212 1440 statue
2235 1390 2290 1438 in
2312 1389 2574 1453 Capitolio
2595 1397 2652 1441 et

1586 1462 1638 1516 in
1686 1466 1891 1516 Rostris
1934 1466 2141 1517 Camilli
2182 1465 2411 1524 suerunt,
2455 1473 2649 1531 togata

1586 1541 1698 1590 sine
1721 1540 1948 1592 tunicis-⁹
2012 1541 2212 1592 Plinius
2236 1555 2454 1594 xxxin.
2476 1547 2524 1593 1.
2547 1550 2652 1593 sta·

1587 1624 1793 1668 tuarum
1818 1619 2043 1679 Romuli,
2063 1619 2231 1669 Servii
2251 1620 2419 1678 Tullii,
2441 1621 2650 1686 Numre,

1584 1694 1850 1761 Tarquinii
1875 1693 2050 1744 Prisci
2085 1695 2135 1743 iu
2162 1695 2421 1758 Capitolio
2453 1696 2649 1759 posita-

1585 1785 1697 1823 rum
1722 1772 1971 1822 meminit.
2017 1771 2159 1823 Julio
2176 1772 2371 1822 Caessri
2392 1772 2408 1799 ‘
2424 1779 2650 1822 statuam

1584 1849 1724 1900 inter
1741 1849 1925 1915 reges‚’
1944 1850 1995 1900 id
2016 1856 2096 1900 est
2117 1863 2296 1914 regum
2319 1850 2538 1907 statuas,
2559 1850 2649 1901 de-

1585 1933 1783 1977 cretam
1806 1926 1966 1978 tradit
1989 1926 2269 1976 Suetonius
2303 1930 2448 1977 ο.76.
2482 1933 2541 1977 et
2562 1927 2647 1978 Ci-

1585 2017 1705 2055 cero
1729 2004 1965 2055 oratione
1987 2018 2084 2067 pro
2108 2004 2363 2054 Deiotaro
2385 2019 2435 2053 c.
2451 2007 2531 2056 12.
2551 2018 2650 2054 nec

1585 2080 1727 2145 alibi,
1746 2096 1897 2147 quam
1919 2081 1973 2130 in
1991 2067 2445 2145 Capitolio‚Yuisse
2468 2081 2650 2132 auctor

1585 2158 1823 2222 locuples
1856 2160 1997 2209 Dion
2031 2158 2241 2208 Cassius
2281 2158 2374 2209 lib.
2394 2171 2558 2210 xum.
2596 2169 2646 2223 p.

1585 2238 1702 2287 286.
1726 2250 1792 2285 ex
1815 2250 1920 2301 quo
1942 2234 2158 2298 insuper
2176 2242 2403 2296 constat,
2425 2235 2648 2286 omnium

1582 2327 1761 2378 regum
1777 2328 1895 2363 eum
1909 2313 2062 2363 Bruti
2080 2312 2478 2377 Tarquiniorum
2503 2327 2648 2364 ever-

1582 2391 1715 2441 soris
1745 2397 1944 2440 statuss
1977 2390 2048 2439 ibi
2085 2389 2302 2453 positas,
2337 2397 2393 2438 et
2427 2389 2648 2439 Caesaris

1573 2468 1728 2535 juxta
1750 2469 1926 2526 Bruti,
1949 2467 2178 2532 illudque
2204 2475 2392 2531 postea
2423 2468 2476 2517 in
2500 2482 2648 2517 omen

1582 2549 1807 2595 tractum
1823 2558 1954 2594 esse.
1975 2545 2105 2595 Cum
2124 2553 2297 2594 autem
2313 2545 2464 2596 Bruti
2478 2550 2649 2594 statua

1581 2622 1721 2675 inter
1744 2637 1893 2686 reges
1914 2621 2087 2687 posita
2105 2621 2264 2672 fuerit
2284 2637 2348 2671 ex
2371 2637 2498 2684 aere,
2515 2625 2648 2673 tes‘te

1582 2699 1868 2750 Plutarcho
1903 2698 1956 2748 in
1993 2700 2107 2749 vita
2136 2699 2307 2756 Bruti,
2341 2700 2456 2762 ipso
2486 2699 2647 2757 initio,

1583 2776 1828 2826 videntur
1846 2780 1907 2824 et
1930 2789 2106 2838 regum
2135 2789 2202 2825 ex
2234 2774 2419 2826 eodem
2443 2774 2648 2826 metallo

1581 2850 1761 2914 fuisse,
1797 2858 1853 2901 et
1886 2852 2046 2901 scribi
2076 2851 2216 2915 apud
2249 2849 2532 2901 Asconium
2564 2849 2650 2901 ds·

1581 2928 1709 2979 bere
1736 2928 1929 2979 Romuli
1949 2934 2115 2979 oerutoe
2137 2933 2330 2979 statute.
2377 2929 2515 2978 Nam
2543 2922 2648 2977 vnl-

1581 3012 1758 3069 gatum
1785 3003 1948 3055 oetats‘s
1979 3006 2172 3055 nullum
2204 3019 2407 3054 sensum
2447 3005 2649 3069 recipit.

1583 3081 1651 3131 G.
1686 3080 1912 3144 Caperes,
1981 3079 2226 3131 Licinium
2260 3080 2504 3140 Sextium,
2537 3095 2649 3146 qnos

1579 3162 1681 3207 aios
1697 3158 1753 3207 ιἰι
1779 3163 2011 3223 perpetuu
2039 3162 2273 3222 potestate
2293 3158 2433 3209 Hav.
2503 3159 2648 3209 Prae·

1580 3236 1773 3299 positio
1795 3245 1969 3287 autem
1991 3235 2043 3284 in
2064 3235 2269 3284 exsulat
2288 3249 2320 3284 a
2343 3235 2647 3300 quibusdam

1582 3320 1713 3364 vett.
1731 3311 1854 3364 edd.
1899 3313 2028 3362 Tum
2046 3316 2285 3377 tamquam
2304 3327 2509 3374 regnum
2525 3314 2648 3363 Lor.

1582 3393 1630 3440 1.
1655 3397 1710 3440 et
1732 3396 1784 3441 5.
1853 3390 2101 3441 Ceterum
2123 3389 2174 3439 in
2193 3389 2311 3438 loco
2329 3388 2648 3442 Ascondse.

1582 3467 1814 3518 Gronov.
1848 3466 2042 3516 Romuli
2078 3481 2137 3516 ac
2179 3465 2314 3516 Tatii
2356 3471 2535 3515 statm
2576 3467 2646 3515 le-

1580 3545 1805 3610 gendum
1828 3543 2034 3593 censuit
2055 3542 2123 3592 ad
2157 3541 2223 3593 Α.
2247 3541 2413 3593 Gellii
2436 3556 2544 3591 vn.
2567 3546 2646 3591 12.

1580 3629 1636 3671 et
1660 3621 1735 3670 ita
1755 3620 1906 3669 etiam
1942 3619 2028 3669 edi
2059 3618 2264 3669 curavit
2301 3619 2352 3667 in
2387 3631 2646 3668 commen-

1578 3695 1725 3746 tariis
1757 3694 1974 3746 Asconii
2008 3693 2251 3745 Ciceroni
2283 3691 2497 3743 additis.
2575 3691 2647 3741 At

1577 3773 1750 3825 verior
1771 3788 1886 3823 esse
1922 3773 2133 3823 videtur
2153 3771 2351 3836 Cuperi
2383 3770 2644 3834 conjectu·

1577 3864 1652 3900 ra.
1720 3849 1831 3898 Dio
1874 3848 2010 3900 enim
2063 3849 2164 3897 loc.
2205 3846 2348 3897 laud.
2395 3860 2640 3912 expresse

1577 3927 1755 3984 docet,
1782 3931 1907 3977 octo
1946 3926 1998 3975 iu
2033 3924 2293 3990 Capitolio
2331 3931 2534 3975 statuas
2568 3923 2644 3974 fn·

1576 4005 1700 4069 isse,
1715 4009 1915 4067 septem
1938 4016 2136 4065 regum,
2152 4007 2206 4052 et
2229 4015 2334 4051 una
2354 4001 2528 4051 Bruti.
2571 4000 2642 4050 At

1577 4087 1764 4132 statuae
1789 4081 1858 4128 T.
1876 4080 2019 4130 Tatii
2043 4094 2146 4129 non
2168 4080 2418 4141 meminit.

1645 4158 1741 4207 Cui
1773 4171 1871 4206 uon
1906 4156 1987 4206 uia
2010 4158 2075 4205 ad
2112 4158 2406 4205 consulatum
2422 4152 2640 4217 facilior]

1579 4235 1732 4291 Quom
1763 4249 1858 4283 non
1891 4233 1971 4283 viu
2007 4235 2072 4284 ud
2104 4233 2396 4282 consulatum
2427 4232 2636 4282 Gaertn.

1575 4313 1654 4364 esi
1674 4326 1768 4362 non
1785 4313 1869 4364 vio
1888 4313 1954 4362 ad
1974 4312 2312 4364 comanam
2332 4309 2470 4360 Hav·
2513 4307 2634 4359 Mox
