2934 4925
729 415 796 464 ι’.
843 412 1035 464 mvn
1080 414 1279 465 mam.
1329 413 1474 463 ma.
1518 413 1625 465 v1.
1669 414 1835 466 oar.
1876 401 1986 468 25.

256 557 371 622 ejus
413 555 666 621 excerpta
700 555 909 609 docent.
986 559 1201 614 Verum,
1234 556 1320 609 vel

260 634 376 683 siue
399 648 428 683 e
446 633 735 698 percontari,
756 634 839 683 vel
861 648 925 684 ea
946 634 1101 685 litera
1122 633 1322 684 adsum·

263 716 321 760 ta
353 710 653 774 percunctari
683 710 1012 761 scribendum
1043 726 1179 769 esse,
1209 717 1321 776 ety-

263 787 487 851 mologia
513 787 769 851 ostendit,
800 794 957 853 prout
990 789 1070 837 vel
1102 804 1133 838 a
1160 784 1325 838 conus

261 864 347 913 vei
384 877 413 911 a
448 868 643 914 candus
671 863 975 915 deducatur.
1040 865 1176 915 Vide
1198 866 1325 917 Fes-

262 945 374 988 tum
396 939 452 989 in
466 954 592 990 voce
607 943 626 969 ⁴
644 940 1043 994 Percuuctatio'
1060 950 1114 992 et
1133 944 1324 993 Donat.

265 1014 333 1066 ad
366 1017 578 1066 Terent.
620 1017 816 1080 Hecyr.
851 1031 893 1068 1.
923 1022 975 1068 2.
1006 1022 1057 1070 2.
1104 1033 1323 1084 quorum

264 1093 383 1144 loca
402 1092 677 1143 laudarunt
698 1095 848 1144 Voss.
882 1095 937 1144 iu
968 1096 1144 1160 Etym.
1174 1096 1326 1161 Ling-

262 1174 383 1223 Lat.
405 1173 536 1223 voce
557 1174 574 1203 ‘
593 1182 800 1235 contus,
800 1174 816 1197 '
834 1181 890 1225 et
911 1175 963 1223 iu
986 1189 1114 1225 voce
1132 1175 1150 1204 ⁶
1166 1189 1325 1226 cunc·

261 1248 400 1299 tus?
426 1248 484 1301 et
505 1251 791 1315 Dausquei.
821 1252 874 1300 in
915 1251 1165 1316 orthogr.
1187 1260 1325 1316 part.

260 1340 326 1377 ιι
343 1326 400 1379 ἰιι
424 1329 585 1379 voce‘
602 1328 837 1391 Cantor:
856 1329 948 1380 et
932 1345 985 1379 ιιι
1008 1344 1136 1380 voce
1163 1333 1179 1361 ⁴
1197 1331 1323 1380 Per·

258 1398 487 1455 contor!
570 1396 800 1457 Quorum
859 1407 1113 1470 posterior
1166 1407 1321 1456 etiam

184 1477 192 1483 ”
262 1483 424 1546 priori
465 1483 579 1533 loco
614 1482 792 1533 laudat
828 1483 1054 1534 Nonium
1078 1484 1244 1534 Mare.
1267 1484 1322 1534 iu

261 1571 393 1609 voce
416 1559 432 1587 ‘
458 1556 804 1609 Percontari.'
849 1560 1120 1610 Praeterea
1139 1575 1190 1611 se
1205 1561 1321 1626 pab-

258 1634 353 1685 lico
380 1637 578 1687 consilio
605 1637 836 1687 militasse
863 1637 1001 1687 Hav.
1067 1639 1171 1688 Sed
1204 1653 1323 1703 pro·

258 1724 448 1762 nomen
485 1729 536 1762 se
565 1713 760 1763 deest·
746 1729 799 1763 tu
830 1712 989 1764 Harl.
1008 1719 1058 1765 2.
1094 1715 1243 1765 Port.
1267 1722 1325 1766 et

261 1789 487 1840 vetustis
523 1790 646 1840 edd.
713 1791 778 1841 Id
804 1791 925 1842 alibi
958 1784 1095 1857 apud
1120 1792 1323 1844 Livium

165 1919 176 1922 -
262 1858 440 1916 omitti
464 1865 679 1916 vidimus
703 1867 767 1916 ad
805 1881 846 1917 ι.
881 1871 964 1918 23.
984 1871 1085 1934 §5.
1152 1870 1324 1922 Quum

262 1944 472 1993 tamen
457 1959 509 1993 m
532 1944 745 2007 reliquis
765 1943 921 1995 codd.
936 1947 1120 2011 quibus
1136 1947 1326 2011 potius,

263 2034 423 2084 quum
458 2021 527 2070 ob
561 2035 845 2080 numerum,
869 2030 978 2072 tum
1010 2023 1078 2073 ob
1110 2024 1327 2088 iutegri-

261 2104 448 2155 tatem,
483 2097 638 2148 fidem
678 2098 864 2164 habeo,
898 2101 1144 2164 supersit,
1179 2104 1327 2153 recte'

265 2175 331 2226 ab
365 2175 508 2226 Aldu
544 2175 775 2226 additum
810 2192 928 2227 ease
959 2185 1106 2242 puto.
1171 2180 1329 2230 Cete-

264 2266 378 2321 rum
398 2250 561 2314 suxit,
598 2267 695 2316 pro
714 2253 863 2318 sassi,
901 2258 984 2304 est
1020 2254 1073 2304 iu
1113 2254 1242 2305 Lov.
1279 2260 1328 2307 1.

250 2328 341 2388 sas
358 2329 428 2379 sie
450 2330 503 2379 in
528 2329 676 2380 Leid.
698 2334 746 2380 1.
813 2329 898 2382 An
928 2329 1067 2382 forte
1095 2332 1328 2384 scriben-

264 2406 392 2457 dum
411 2406 543 2470 sassi
564 2411 708 2458 sunt?

331 2487 362 2551 §
381 2490 414 2535 2
433 2484 585 2556 cnjus
600 2492 698 2536 tum
712 2485 859 2535 uicini
879 2484 989 2535 betti
1004 2491 1132 2536 meta
1148 2486 1329 2536 Camil·

266 2563 342 2612 las
376 2563 559 2627 noem]
604 2563 753 2623 Caius
786 2577 976 2612 cunum
1020 2562 1158 2613 Hav.
1201 2566 1334 2628 cujus

268 2653 410 2690 cansa
424 2639 580 2691 Harl.
595 2644 646 2689 2.
664 2647 724 2690 et
738 2638 925 2704 fragm.
944 2640 1082 2690 flav.
1112 2655 1146 2692 a
1164 2655 1231 2691 m.
1249 2655 1330 2706 pr.

269 2716 433 2769 Quasi
465 2714 608 2767 foret
637 2718 816 2769 ‘metu
840 2723 1009 2769 motus
1041 2732 1225 2769 caussa
1255 2720 1332 2771 vi·

269 2791 373 2842 cini
409 2791 573 2843 betti?
627 2793 821 2844 Verum
851 2795 918 2844 ob
947 2793 1330 2845 similitudinem

268 2857 540 2919 literarum
564 2879 592 2918 e
612 2871 667 2919 et
697 2874 719 2918 t
749 2876 1129 2920 commutarunt
1160 2871 1331 2934 potius

270 2944 470 2995 librarii
506 2947 816 3011 compendia
851 2946 1112 2997 scribendi
1134 2953 1201 3004 ti,
1223 2947 1332 2998 sive

273 3029 390 3079 tm,
440 3030 494 3073 et
539 3024 617 3079 σᾶ,
667 3024 778 3074 sive
827 3038 1006 3074 massa.
1089 3024 1225 3075 Vide
1264 3025 1332 3076 ad

275 3113 404 3151 vm.
427 3105 508 3150 14.
546 3102 575 3165 §
607 3103 653 3149 1.
727 3100 929 3150 Camillo
969 3100 1119 3156 dedit
1161 3100 1334 3152 scriba

275 3175 422 3226 Leid.
443 3180 493 3227 2.

339 3253 599 3318 Extemplo
625 3268 677 3304 se
698 3254 902 3304 Romam
928 3257 1139 3319 captivos
1165 3259 1334 3308 duch-

274 3344 398 3388 rum,
422 3330 515 3394 uit,
540 3346 601 3381 ne
624 3332 799 3381 Patres
821 3332 983 3394 ignari
1005 3334 1129 3400 sint]
1156 3336 1334 3387 Exem-

271 3407 358 3470 pto
408 3406 561 3457 Leid.
595 3411 642 3456 1.
687 3407 877 3471 smptus
933 3410 1085 3459 obvio
1137 3425 1334 3462 errore.

277 3482 416 3533 Vide
438 3482 504 3532 ad
532 3496 734 3533 xxx1v.
760 3489 840 3534 33.
861 3486 889 3548 §
907 3488 956 3533 8.
1000 3487 1203 3537 Deinde
1223 3489 1338 3537 dac·

277 3565 455 3623 nrum,
488 3566 545 3611 ut
583 3576 643 3611 ne
676 3563 853 3613 Patres
886 3564 1032 3615 Leid.
1060 3569 1106 3613 1.
1133 3566 1264 3616 Lov.
1286 3571 1337 3618 2.

280 3644 335 3686 et
357 3637 510 3687 Harl.
531 3643 579 3689 1.
643 3638 724 3689 De
746 3640 834 3691 illo
864 3646 919 3691 at
939 3656 998 3692 ne
1026 3642 1144 3693 vide
1178 3644 1243 3693 ad
1281 3655 1338 3695 x.

279 3715 361 3763 27.
384 3715 412 3777 ς
433 3718 483 3764 2
549 3713 654 3764 Hic
677 3730 803 3765 vero
824 3716 882 3767 τὸ
908 3723 963 3767 ut
995 3729 1172 3769 natum
1196 3720 1339 3772 vide·

280 3792 375 3839 tut‘
397 3803 463 3839 ex
487 3791 668 3839 vocula
690 3791 781 3840 ait.
845 3793 1134 3859 Utramque
1157 3797 1339 3848 lectio-

282 3877 400 3916 nem
430 3867 684 3915 daetrmnn
709 3868 801 3930 ait,
829 3875 884 3918 ut
904 3884 964 3919 ne
987 3871 1162 3923 Patres
1189 3869 1340 3925 simul

284 3949 599 4006 receperunt
644 3943 793 3993 Harl.
822 3948 873 3995 2.
918 3945 1066 3996 Port.
1102 3957 1159 3999 et
1202 3949 1340 4000 Hav-

287 4017 491 4068 Deinde
531 4018 731 4080 ignem
772 4019 826 4070 in
862 4021 1009 4070 Leid.
1032 4026 1078 4071 1.
1142 4024 1339 4075 Verum

281 4083 451 4158 prima
471 4093 626 4143 litera
646 4095 734 4144 τοῦ
745 4095 844 4146 sint
866 4110 1142 4160 perperam
1161 4100 1341 4151 adcre-

284 4169 363 4221 vit
407 4168 728 4234 precedenti
768 4172 882 4222 voci
938 4173 1119 4236 ignari,
1161 4178 1343 4229 ultima

286 4255 460 4297 autem
498 4247 800 4311 intercepta
830 4255 912 4298 eat
949 4250 1014 4299 ab
1047 4250 1234 4304 initiali
1262 4269 1343 4304 se·

287 4319 493 4414 'quentis
533 4323 839 4376 manos.
901 4323 1024 4376 Alio
1054 4325 1232 4381 errore
1264 4333 1342 4396 ig-

2281 396 2451 466 8⁰01

1400 558 1542 610 Flor.
1580 560 1763 612 ultima
1789 560 1946 613 litera
1979 561 2118 614 vocis
2142 564 2332 628 ignaris
2351 582 2455 621 nou

1394 633 1531 684 bene
1574 636 1813 687 adsumta
1851 653 1917 689 ex
1962 639 2112 690 initio
2157 643 2298 692 vocis
2341 659 2455 710 seq.

1398 710 1538 761 Vide
1581 713 1645 762 ad
1690 726 1896 765 xxvm.
1938 719 2022 765 25.
2061 719 2089 781 ς
2126 721 2176 767 2.
2255 719 2454 770 Verum

1396 796 1544 838 recte
1566 795 1745 853 postea
1765 791 1918 841 litera
1941 792 2153 842 sibilans
2175 808 2323 843 erasa
2352 804 2455 845 est.

1396 863 1571 926 Ignari
1590 871 1746 916 essent
1767 868 1896 917 Lov-
1910 871 1960 918 2.
1979 873 2030 919 4.
2065 869 2217 919 Hari.
2232 875 2283 921 2.
2304 870 2452 923 Port.

1396 950 1452 993 et
1474 944 1692 995 Hearuii
1713 944 2017 995 Oxouiensis
2039 948 2100 997 C.

1466 1022 1753 1072 stantunus
1789 1023 1849 1072 ab
1891 1024 2112 1074 societate
2151 1025 2373 1090 descisse]
2403 1027 2452 1078 Δ

1394 1099 1618 1150 societate
1650 1100 1799 1150 Voss.
1823 1105 1873 1150 2.
1940 1103 2074 1152 Τιιιιι
2101 1105 2296 1154 desiisse
2327 1105 2455 1155 Lov.

1396 1181 1448 1228 4.
1481 1177 1657 1228 desisse
1682 1177 1816 1228 Hav.
1835 1177 1904 1227 de
1925 1193 2027 1243 quo
2048 1194 2223 1230 errore
2248 1181 2365 1230 vide
2388 1182 2455 1229 ad

1399 1266 1543 1304 xxx·
1563 1258 1613 1304 3.
1633 1256 1661 1319 §
1681 1259 1732 1305 6.
1800 1256 1884 1304 De
1920 1256 2078 1305 verbo
2110 1258 2312 1307 descisse
2333 1252 2455 1308 vide'

1400 1330 1464 1379 ad
1490 1343 1654 1381 xxrv.
1677 1334 1758 1381 45.
1780 1332 1810 1395 §
1833 1333 1885 1382 2.

1458 1405 1649 1455 Castris
1668 1406 1990 1470 exercitfique
2007 1407 2220 1471 interim,
2233 1409 2279 1458 a·
2294 1410 2456 1460 videa·

1398 1488 1497 1540 m,
1521 1484 1688 1546 presit
1709 1483 1909 1548 collega]
1943 1485 2132 1536 Castris
2158 1486 2459 1551 exercitum

1399 1563 1527 1611 Lov-
1547 1565 1597 1611 4.
1619 1568 1676 1612 et
1698 1562 1837 1612 Hav.
1902 1562 2055 1614 Quod
2077 1578 2220 1614 more
2241 1565 2457 1630 antiquo

1397 1638 1594 1688 dietum
1615 1638 1782 1688 videri
1803 1632 1999 1703 posset.
2053 1638 2185 1690 Vide
2205 1641 2268 1690 ad
2297 1655 2457 1692 xxxv.

1402 1717 1482 1763 19.
1521 1715 1550 1777 ᾖ
1582 1717 1634 1763 6.
1699 1714 1824 1778 Sed,
1866 1714 2047 1779 paneis
2083 1715 2240 1765 codd·
2278 1716 2358 1767 his
2395 1715 2458 1765 fi·

1399 1790 1517 1839 dem
1540 1789 1755 1847 habere,
1778 1804 1912 1854 pene
1949 1793 2276 1843 temerarium
2311 1801 2460 1857 puto.

1398 1865 1613 1916 Deinde
1625 1866 1670 1916 si
1683 1866 1870 1916 videtur
1888 1866 2072 1931 fragm.
2085 1869 2220 1920 Hav.
2242 1870 2458 1919 Utrum·

1400 1958 1504 2007 que
1527 1950 1698 1994 autem
1727 1945 2031 1995 vocabulum
2061 1944 2211 1996 deest
2232 1946 2284 1996 iu
2309 1945 2456 1996 Leid.

1398 2023 1451 2069 2.
1512 2019 1604 2071 sed
1649 2020 1807 2085 culpa
1848 2021 2066 2070 librarii.
2148 2022 2282 2072 Sunt
2319 2022 2458 2072 enim

1401 2096 1622 2147 manime
1643 2098 1911 2148 sollemnia
1931 2099 2068 2161 apud
2094 2098 2368 2155 Romanos,
2391 2113 2459 2148 ue

1400 2173 1524 2238 quid
1577 2173 1759 2224 odiose
1800 2174 2057 2240 imperare
2100 2176 2462 2240 crederentur,

1403 2251 1694 2314 praesertim
1748 2252 1952 2316 collega
1997 2253 2229 2317 collegae.
2309 2251 2461 2302 Infra

1403 2339 1608 2377 xxxrv,
1635 2331 1718 2379 46.
1763 2330 1781 2357 ⁴
1803 2328 2064 2379 Nuncium
2100 2329 2164 2378 ad
2205 2331 2459 2394 collegam

1403 2404 1588 2467 mittit,
1608 2411 1684 2460 ut,
1709 2404 1753 2455 si
1775 2403 2039 2456 videretur
2070 2405 2139 2469 ei,
2171 2413 2461 2457 maturaret

1403 2483 1619 2535 venire-⁹
1679 2484 1876 2535 Eadem
1914 2483 2133 2535 formula
2169 2486 2220 2534 in
2256 2486 2460 2537 submo-

1405 2561 1576 2612 vendo
1600 2564 1790 2627 populo
1811 2562 2091 2613 utebantur
2122 2561 2320 2613 tribuni
2353 2565 2462 2628 pio-

1404 2637 1485 2688 bis
1512 2651 1578 2688 ιι.
1611 2643 1694 2689 56.
1724 2642 1741 2668 ‘
1763 2639 1819 2689 si
1855 2640 2001 2688 vobis
2038 2639 2261 2696 videtur,
2297 2639 2464 2691 disce·

1405 2714 1516 2765 dite
1538 2714 1767 2768 Quirites
1784 2714 1821 2770 :’
1842 2716 1931 2765 ubi
1954 2724 2126 2766 tamen
2149 2715 2369 2780 Appius,
2389 2717 2466 2765 in-

1403 2792 1718 2844 fensissimus
1743 2793 2063 2844 tribunorum
2101 2793 2265 2856 plebis
2293 2791 2462 2842 iuimi-

1406 2887 1518 2930 cus,
1541 2887 1654 2922 eam
1687 2871 1820 2921 mate
1848 2870 2207 2927 calumniatus,
2231 2869 2462 2940 tribunos

1404 2963 1506 3014 pro
1527 2948 1743 3013 imperio
1767 2947 2071 2996 submovere
2091 2947 2336 3010 populum
2360 2957 2467 2995 ιιοιι

1407 3038 1581 3088 posse,
1614 3023 1735 3074 inde
1763 3022 1973 3074 efficere
2003 3029 2249 3084 constan
2283 3020 2466 3071 eodem

1405 3100 1561 3150 modo
1580 3114 1642 3151 ae
1663 3101 1732 3153 Q.
1753 3100 1964 3150 Fulvius
1990 3099 2210 3149 Flaccus
2235 3112 2302 3147 ex
2325 3112 2390 3148 ea
2411 3099 2465 3148 in

1405 3180 1851 3230 senatusconsulto
1879 3178 2113 3227 adhibita
2148 3175 2369 3226 liberum
2397 3176 2466 3246 si·

1409 3255 1463 3307 bi
1497 3257 1765 3307 arbitrium
1801 3255 1978 3305 datum
2020 3254 2471 3316 interpretabatur

1408 3348 1568 3385 xxvr.
1588 3339 1672 3385 16.
1703 3335 1721 3364 ‘
1741 3333 1878 3386 Quis
1899 3332 2217 3396 adscriptum
2241 3332 2293 3381 iu
2316 3346 2468 3381 aena-

1411 3413 1740 3462 tuscousulto
1782 3407 1956 3471 fuerit,
1999 3409 2041 3459 si
2085 3409 2136 3460 ei
2180 3407 2465 3465 videretur,

1408 3488 1664 3551 integram
1690 3502 1798 3538 rem
1835 3487 1901 3537 ad
1941 3492 2174 3536 senatum
2206 3485 2469 3549 rejiceret,

1412 3564 1814 3627 interpretatum
1836 3577 1972 3618 esse,
1998 3561 2124 3624 quid
2148 3562 2311 3625 magia
2330 3574 2363 3610 e
2386 3574 2470 3609 re-

1413 3641 1625 3704 publica
1662 3640 1899 3700 duceret,
1933 3636 2330 3686 estimationem
2369 3625 2471 3685 sibi

1414 3716 1751 3782 permissam.
1756 3715 1870 3763 ’ex
1893 3727 1997 3777 quo
2017 3713 2133 3762 loco
2156 3712 2309 3762 etiam
2333 3711 2472 3761 illam

1412 3793 1467 3843 in
1497 3789 1955 3843 senatusconsultis
1978 3792 2274 3852 usurpatam
2310 3786 2475 3838 fuisse

1414 3876 1615 4010 page-'t
1593 3943 1885 3994 Documento
1920 3955 2042 3989 anas
2078 3939 2180 3989 dies
2197 3940 2383 4001 fuerat,
2415 3954 2476 3991 ne

1413 4037 1501 4073 suu
1537 4021 1735 4070 consilto
1763 4018 2034 4068 melior-itm
2061 4015 2337 4081 preferret]
2370 4016 2478 4067 Do-

1413 4101 1629 4149 cumento
1649 4095 1789 4145 anius
1802 4092 2309 4153 dieafuemtssaertn.
2344 4093 2475 4143 Tum

1413 4192 1501 4227 nec
1520 4190 1606 4225 sau
1633 4173 1831 4224 consilia
1863 4172 2014 4222 Harl.
2039 4176 2086 4221 1.
2152 4171 2361 4221 Deinde
2379 4167 2477 4221 maess

1414 4254 1537 4305 liora
1563 4249 1817 4315 preferret
1853 4249 1988 4298 mate
2032 4248 2218 4300 iterum
2258 4248 2480 4324 θῆαι-ιιι.

1417 4347 1487 4383 ex
1514 4327 1699 4379 eodem
1737 4325 1883 4377 fonte
1913 4333 2253 4390 promanante
2273 4325 2373 4375 hoc
2397 4339 2479 4373 er-

282 4397 417 4455 aaut·
434 4397 539 4453 sint
555 4401 623 4454 'ab
644 4400 794 4454 initio
816 4402 1067 4470 scriptum
1089 4393 1302 4462 fuerat
1288 4413 1345 4463 ni
1417 4421 1556 4474 rore,
1580 4417 1734 4473 quem
1763 4402 1991 4456 indicavi
2012 4402 2111 4456 hoc
2134 4402 2223 4454 lib.
2245 4416 2292 4455 c.
2313 4405 2362 4451 3.
2382 4400 2477 4468 §a
2492 4393 2507 4402 ‘
