2934 4925
746 428 811 476 τ.
859 427 1049 478 mvn
1100 426 1292 478 mer.
1341 426 1484 479 mn.
1535 384 1637 479 vr.
1683 423 1847 481 cst.
1890 416 1954 481 6.

256 565 362 632 ratJ
393 567 584 633 gratias
622 570 832 635 egisset.
899 563 1018 623 Iride
1054 572 1232 636 igitur,
1263 571 1314 622 id

255 655 355 710 est,
392 647 653 698 ‘deinde-⁹
720 648 865 700 Infra
903 663 1043 700 xmt.
1073 653 1156 699 65.
1187 651 1205 676 ⁶
1231 648 1315 699 Ad

253 719 516 775 Barissam
564 725 728 777 ducit.
815 726 971 788 Inde,
1011 740 1168 792 quum
1216 726 1317 776 tria

250 799 413 851 millia
434 800 600 852 ferme
622 803 830 853 abesset
851 817 882 851 a
902 802 1127 867 Tripoli,
1148 800 1316 867 (Sem-

250 887 333 929 atn
378 879 599 946 vocant)
637 893 793 945 super
836 882 1071 932 Peneum
1113 893 1313 930 amnem

248 956 428 1020 posuit
459 958 683 1008 castrat'
714 958 800 1008 ubi
837 959 956 1008 vide
988 971 1109 1023 qnae
1132 964 1314 1007 notan-

248 1039 350 1085 tur.
414 1034 688 1087 Praeterea
726 1054 758 1087 a
794 1038 964 1102 populo
1003 1037 1236 1099 Romano,
1270 1037 1316 1086 si

245 1111 331 1175 qui
361 1126 415 1161 se
446 1112 603 1163 Port.

315 1188 419 1244 Qat'
432 1189 780 1241 sedimtmm
791 1189 898 1251 jans
919 1189 1137 1255 quartam
1158 1193 1314 1241 cr'eas-

242 1267 343 1331 set]
368 1268 492 1318 Non
508 1269 608 1319 hoe
624 1269 739 1320 loco
754 1278 995 1334 quartum
1012 1270 1073 1321 fit
1088 1271 1315 1321 dictator

243 1344 516 1401 Camillus,
545 1346 636 1397 sed
674 1354 862 1412 postea
898 1362 947 1396 a.
974 1360 1311 1399 cccxxxxvt.

242 1436 293 1471 c.
316 1425 400 1473 88.
423 1423 659 1488 quintum
690 1428 867 1473 autem
890 1423 957 1473 ad
980 1423 1134 1474 finem
1155 1425 1313 1489 hujus

239 1498 366 1550 libri
388 1514 440 1550 c.
460 1505 542 1553 42.
608 1500 682 1553 At
707 1506 908 1551 tantum
934 1508 1143 1550 senatus
1167 1500 1234 1549 de
1256 1515 1314 1550 se

233 1577 514 1640 judicium,
542 1578 960 1643 collegarumque
996 1586 1100 1627 tam
1135 1577 1313 1641 benig·

239 1670 367 1705 num
405 1657 633 1706 animum
670 1657 889 1721 perinde
924 1656 1123 1714 habuit,
1154 1663 1313 1722 atque

241 1733 284 1782 si
303 1733 539 1785 dictator
557 1741 766 1785 creatus
785 1733 971 1785 fuisset
992 1750 1007 1794 ς
1044 1735 1158 1798 ipse
1175 1736 1310 1784 enim

240 1822 344 1860 non
386 1810 464 1859 ita
495 1811 661 1861 multo
696 1817 818 1874 post
852 1810 1087 1870 dicturus
1128 1817 1211 1861 est
1246 1811 1311 1860 ad

240 1885 640 1937 cunctabundus
672 1887 878 1937 milites-
900 1901 949 1937 c.
970 1891 1020 1936 7.
1050 1894 1067 1917 ⁶
1091 1885 1175 1936 An
1210 1902 1313 1950 me,

238 1962 380 2029 quod
418 1978 521 2013 nou
554 1963 790 2014 dictator
817 1963 985 2024 vobis,
1019 1962 1110 2012 sed
1148 1963 1311 2014 tribu-

238 2054 359 2101 nus,
382 2041 587 2105 signum
619 2040 761 2102 dedi,
783 2054 882 2089 non
912 2040 1196 2103 agnoscitis
1219 2041 1315 2090 du-

239 2130 352 2168 cem
371 2115 412 2165 ?'
451 2117 593 2166 Glar.
666 2111 903 2180 creasset,
938 2130 1036 2180 pro
1066 2115 1083 2143 ‘
1108 2124 1313 2166 creatu-

239 2208 325 2244 rus
366 2192 598 2257 fuisset,’
632 2194 675 2244 si
716 2194 950 2258 privatus
989 2201 1147 2243 esset.
1225 2193 1313 2243 Sic

238 2270 404 2322 multa
461 2270 565 2319 alia
614 2269 760 2334 poni,
803 2283 965 2333 supra
1010 2268 1313 2319 adnotatum

238 2352 339 2397 est.
442 2347 676 2402 Primam
733 2345 1048 2396 dictaturam
1106 2345 1313 2395 Camilli

238 2425 499 2473 memorat
534 2422 715 2474 Livius
753 2436 807 2473 v.
831 2427 911 2473 19.
948 2422 1229 2474 secundam
1261 2438 1313 2472 v.

231 2494 321 2549 ¹46.
365 2500 583 2551 tertiam
622 2514 703 2550 vr.
739 2504 791 2550 2.
832 2506 1070 2565 quartam
1118 2513 1193 2549 vt.
1230 2501 1314 2550 38.

238 2576 477 2641 quintam
516 2576 643 2628 ibid.
684 2584 741 2627 et
780 2591 827 2626 c.
860 2580 945 2627 42.
990 2577 1127 2627 Dak.
1196 2578 1313 2628 Cre-

238 2658 370 2703 osset
406 2652 680 2704 commode
701 2654 892 2717 exponi
913 2662 1113 2717 posset,
1135 2659 1151 2682 ‘
1168 2667 1314 2704 crea·

237 2733 388 2778 turus
421 2726 607 2779 fuisset
623 2727 659 2790 ς’
690 2732 876 2793 nempe
900 2729 997 2778 nisi
1029 2743 1226 2779 summo
1257 2729 1312 2779 in

237 2805 556 2869 magistratu
596 2812 754 2871 esset.
821 2806 892 2854 Et
928 2805 1006 2855 ita
1041 2820 1170 2869 opus
1211 2819 1310 2855 uon

239 2882 463 2943 erit'eo‚
481 2883 619 2948 quod
643 2881 815 2933 adfert
844 2883 1145 2946 Doujatius,
1167 2882 1311 2933 obla·

236 2966 349 3012 tam
368 2959 578 3026 quidem
603 2961 650 3010 ei
671 2974 811 3010 nunc
834 2966 951 3009 esse
979 2959 1311 3016 dictaturam,

237 3037 334 3088 sed
369 3050 475 3086 nou
508 3036 753 3092 delatam,
784 3043 1051 3087 autrcerte
1087 3050 1186 3085 non
1222 3036 1312 3085 ad·

237 3114 466 3164 missam.
512 3112 761 3165 Oblatam
781 3112 917 3161 enim
937 3112 1157 3163 Camillo
1175 3126 1312 3161 nunc

238 3190 561 3240 dictaturam
585 3187 766 3251 fuisse,
789 3187 927 3238 nude
959 3188 1169 3252 probari
1196 3203 1315 3250 pos-

238 3267 328 3331 sit,
348 3280 453 3316 non
489 3264 658 3315 video.
726 3263 884 3314 Aliud
908 3263 1131 3313 suadent
1157 3263 1312 3313 verba

238 3343 357 3394 haec
389 3355 581 3407 supra;
602 3343 617 3370 ‘
640 3341 970 3391 Dictaturam
1006 3339 1200 3404 quippe
1234 3338 1312 3388 di·

240 3420 470 3471 cendum
491 3434 609 3470 eum
626 3418 862 3477 fuisse,si
883 3419 1118 3482 privatus
1137 3415 1316 3467 esset.'

240 3497 595 3550 Haesissehic
634 3498 793 3547 etiam
830 3495 1041 3545 videtur
1074 3493 1312 3545 librarius

241 3572 433 3639 fragm.
469 3574 614 3624 Hav.
646 3573 733 3639 qui
773 3587 925 3622 voces
950 3571 1060 3632 jam
1093 3575 1312 3634 quartum

243 3650 415 3714 primo
435 3650 640 3710 omisit,'
655 3664 717 3700 ac
742 3657 942 3714 postea,
965 3649 1201 3714 quamvis
1228 3661 1311 3696 ea·

241 3726 362 3776 dem
409 3741 583 3787 manu,
629 3726 681 3775 in
727 3726 961 3790 margine
1012 3725 1313 3789 adscripsit.

245 3805 452 3855 Verum
491 3804 630 3855 aliud
673 3804 756 3854 hie
797 3805 947 3854 latet.
1040 3802 1314 3856 Quomodo

243 3881 383 3931 enim
435 3881 453 3909 ‘
480 3881 705 3945 populns
764 3881 1026 3931 Romanus
1053 3878 1071 3941 ἶ
1121 3878 1317 3928 dicitur

242 3961 260 3989 ‘
278 3958 536 4016 creassefi
557 3959 654 4009 vel·
673 3968 943 4009 creaturus
981 3956 1161 4022 fuisse,
1187 3958 1314 4009 ‘Ca-

245 4036 445 4087 millum
479 4035 788 4086 dictatorem
807 4034 846 4085 3⁷
888 4050 1045 4099 quum
1081 4040 1315 4099 potestas

245 4111 455 4162 dicendi
486 4111 797 4162 dictatorem
821 4110 982 4161 fuerit
1007 4125 1168 4175 penes
1192 4124 1314 4160 con-

248 4188 384 4238 sules
422 4188 507 4237 vel
541 4187 774 4237 tribunos
807 4188 1027 4238 militum
1060 4186 1341 4237 consulari.

247 4271 548 4329 potestate3
580 4266 625 4314 si
661 4265 715 4316 id
752 4266 1205 4316 senatusconsulto
1239 4262 1317 4313 fa·

250 4353 370 4394 cere
398 4340 536 4407 jussi
576 4348 771 4393 essent.
855 4341 1044 4408 Neque
1084 4339 1186 4393 dici
1222 4353 1315 4407 po·

2278 414 2469 484 ’7883‘

1394 581 1516 633 test,
1555 581 1706 640 per“
1730 575 1971 641 populum
2017 574 2333 626 Romanum’
2368 577 2452 628 hic

1393 650 1617 716 intelligi
1672 651 1962 717 digniorem
2016 667 2080 703 ac
2104 659 2109 662 '
2138 654 2455 717 precipuum

1391 726 1501 790 ejus
1547 737 1772 791 partem,
1820 735 2057 780 senatum
2111 741 2174 779 ae
2220 729 2457 780 tribunos

1391 806 1725 867 consulares;
1756 805 2094 869 distinguitur
2127 806 2264 856 enim
2296 821 2330 855 a
2370 819 2456 856 se·

1390 885 1515 930 natu
1551 889 1609 931 et
1646 880 1905 943 tribunis;
1940 889 1999 932 et
2035 882 2281 933 Camillus
2319 883 2455 933 fate·

1392 964 1496 1014 tur,
1531 971 1665 1008 onus
1698 958 1795 1007 sibi
1829 958 2122 1022 injunctum
2152 960 2168 986 ‘
2191 974 2223 1008 a
2257 961 2458 1025 populo

1392 1032 1654 1084 Romano’
1701 1034 1903 1097 ingens,
1945 1042 2013 1083 ‘a
2056 1035 2264 1086 senatu'
2308 1050 2454 1101 mag·

1389 1124 1533 1172 nunt,
1580 1115 1650 1159 ‘a
1703 1108 1946 1175 collegis’
1987 1112 2279 1161 maximum'
2318 1125 2455 1163 esse.

1390 1188 1475 1236 An
1513 1185 1788 1251 respicitur
1824 1186 1888 1236 ad
1929 1184 2000 1242 id,
2042 1184 2176 1250 quod
2219 1187 2453 1253 aliquan·

1388 1263 1459 1313 do
1487 1264 1538 1313 in
1571 1262 1842 1328 republica
1868 1263 2101 1314 Romana
2121 1265 2451 1317 observatum

1386 1338 1551 1389 fuisse
1593 1340 1819 1404 legitur?
1872 1348 1932 1391 ut
1974 1340 2183 1405 quidem
2222 1342 2459 1393 dictator

1388 1417 1654 1467 diceretur
1686 1432 1718 1466 a
1746 1417 2077 1481 magistratu,
2104 1419 2194 1467 sed
2225 1433 2325 1469 non
2359 1420 2452 1469 ali·

1389 1508 1471 1557 us,
1493 1506 1644 1557 quam
1664 1491 1818 1558 'duem
1841 1494 2061 1559 populns
2084 1497 2251 1544 creari
2277 1496 2469 1558 jusse·‘

1390 1577 1505 1631 rat;
1542 1570 1606 1619 de
1629 1583 1732 1634 quo
1752 1569 1875 1619 vide
1896 1569 1962 1619 ad
1995 1572 2200 1635 v.46.§
2226 1575 2302 1621 1⁰.
2370 1573 2451 1622 Eo

1387 1646 1545 1698 modo
1580 1650 1783 1695 creasset
1815 1645 1911 1695 hoc
1945 1646 2061 1696 loco
2094 1647 2214 1702 erit,
2244 1653 2260 1676 ⁸
2283 1647 2475 1697 creari·

1375 1722 1618 1788 jussurus
1656 1721 1875 1773 fuisset?
1946 1723 2049 1773 Sed
2089 1724 2324 1788 cogitent
2359 1725 2451 1775 viri

1386 1801 1546 1852 docti.
1611 1802 1856 1853 Ceterum
1878 1806 2097 1866 quartum
2111 1801 2219 1861 jam
2247 1808 2476 1853 creme·

1387 1877 1621 1941 trajectis
1658 1877 1870 1928 vocibus
1905 1877 2025 1929 edd.
2059 1878 2340 1943 principes,
2375 1879 2455 1929 in·

1388 1955 1507 2003 vitis
1538 1954 1776 2005 ontnibus
1810 1955 2035 2019 scriptis.
2100 1957 2276 2009 Quare
2305 1962 2451 2006 recto

1387 2031 1455 2080 ab
1480 2030 1617 2082 Aldo
1639 2040 1893 2083 mutatum
1917 2039 2014 2084 est.

1450 2108 1689 2170 Magnum
1708 2125 1739 2159 a
1759 2115 1929 2160 senata
1951 2111 2122 2161 talibus
2153 2112 2212 2162 de
2241 2124 2292 2161 se
2313 2110 2452 2172 judi·

1385 2183 1497 2248 ciis]
1529 2185 1881 2249 Magnunjm
1900 2193 2069 2237 senatu
2087 2189 2234 2238 Voss.
2257 2190 2309 2236 2.
2323 2188 2475 2237 Iov..

1386 2264 1435 2310 3.
1461 2263 1685 2314 Gaertn.
1706 2271 1764 2314 et
1785 2264 1966 2329 fragm.
1985 2266 2124 2316 Hav.
2156 2281 2377 2329 magnam
2392 2267 2454 2315 ab

1385 2345 1553 2390 senatu
1575 2342 1725 2391 Port.
1750 2342 1888 2392 Hav.
1921 2351 1976 2393 et
2000 2343 2128 2395 Lov.
2150 2348 2200 2394 4.
2248 2344 2459 2394 Prono-

1387 2430 1505 2467 nteu
1529 2423 1702 2468 autem
1724 2433 1779 2469 se
1796 2417 1976 2469 deficit
1994 2419 2046 2469 iu
2071 2418 2198 2470 Lar.
2219 2424 2268 2470 2.

1456 2496 1576 2546 Tum
1615 2497 1948 2547 honoratorum
1989 2500 2275 2560 collegarum
2324 2499 2454 2550 obsc-

1387 2573 1522 2638 qttio]
1555 2572 1681 2625 Vct.
1702 2573 1794 2625 lib.
1808 2580 1907 2624 tum
1923 2576 2147 2625 honorato
2163 2578 2331 2639 colleg.
2352 2578 2453 2626 obs.

1388 2652 1563 2713 Sigon.
1631 2650 1832 2714 Recepi
1864 2652 1997 2702 hanc
2024 2653 2322 2716 lectionem,
2353 2662 2459 2703 tum

1386 2726 1613 2783 honorato
1633 2728 1798 2790 colleg.
1819 2727 1916 2778 obs.
1944 2729 2081 2792 qaod
2101 2744 2213 2780 eam
2238 2734 2456 2795 ‘repere-

1388 2817 1497 2852 ram
1521 2803 1575 2852 in
1612 2803 1728 2853 Pal.
1749 2809 1803 2855 2.
1832 2805 2301 2873 vetustissimisque
2323 2807 2451 2858 edd.

1387 2881 1524 2930 Pall.
1564 2881 1750 2947 reliqui
1789 2882 1893 2932 duo
1934 2884 2229 2938 honoratim.
2284 2887 2461 2950 Vulgo

1387 2959 1719 3013 immoraturum
1756 2962 2058 3022 collegarum.
2093 2962 2264 3013 Gebh.
2337 2964 2453 3013 Tun

1384 3036 1613 3085 honorato
1652 3036 1936 3097 collegarum
1966 3036 2179 3101 obsequio
2216 3039 2477 3088 ex‘meis'

1387 3127 1491 3162 non
1514 3113 1611 3162 nisi
1631 3113 1682 3161 in
1708 3114 1918 3162 levioris
1951 3113 2278 3164 auctoritatis
2301 3114 2462 3165 codd.

1388 3190 1518 3244 Lov.
1542 3195 1591 3240 5.
1616 3189 1827 3240 Harl.2.
1849 3190 2000 3240 Port.
2017 3196 2071 3240 et
2089 3190 2227 3240 Hav.
2242 3191 2415 3251 inveni
2437 3207 2452 3239 t

1389 3266 1604 3321 Hearne
1615 3274 1788 3316 autem
1802 3267 1857 3316 iu
1874 3265 2042 3316 Oxou.
2062 3267 2250 3334 msa!
2265 3267 2457 3317 untho-

1386 3350 1606 3401 norutunt
1626 3347 1794 3407 colleg·
1810 3345 1906 3395 obs.
1926 3345 2116 3395 babent
2143 3345 2284 3395 Flor.
2299 3346 2454 3394 Voss.

1388 3421 1561 3485 ambo,
1580 3421 1728 3472 Leid.
1743 3421 1915 3484 ambo,
1930 3420 2063 3472 Lov.
2083 3425 2130 3470 1.
2146 3425 2255 3471 SA.
2272 3420 2456 3484 fragm.

1388 3497 1530 3548 Hav.
1564 3506 1621 3550 et
1659 3499 1856 3549 Klock.
1884 3499 2026 3562 quod
2062 3500 2174 3561 ipse
2202 3497 2463 3548 Klockius

1387 3573 1688 3639 honeratam,
1701 3590 1796 3638 pro
1807 3573 2217 3624 ‘honoratorum’
2227 3573 2459 3636 accepit.

1392 3652 1510 3700 Tam
1532 3657 1777 3707 oneratum
1795 3652 1961 3711 colleg.
1981 3650 2080 3700 obs.
2102 3649 2323 3707 Gaertn.
2355 3653 2459 3697 tam

1387 3725 1438 3780 ἦ
1456 3729 1736 3777 honoratum
1772 3728 1936 3787 colleg.
1968 3726 2067 3775 obs.
2098 3725 2248 3774 Harl.
2270 3728 2318 3773 1.
2355 3730 2463 3774 tam

1388 3810 1663 3855 ornatorum
1684 3805 1850 3864 colleg.
1874 3801 1970 3853 obs.
1993 3802 2120 3851 Lov.
2146 3805 2195 3851 1.
2243 3801 2260 3829 ‘
2287 3799 2454 3849 Orna-

1391 3897 1448 3932 re
1469 3882 1486 3904 ’
1525 3890 1579 3931 et
1601 3888 1616 3910 ‘
1641 3881 1893 3929 honorare
1913 3877 1929 3902 ’
1963 3883 2102 3928 inter
2135 3893 2192 3928 se
2229 3891 2460 3927 commu·

1389 3957 1515 4018 tari,
1552 3953 1842 4004 videbimus
1882 3953 1948 4004 ad
1989 3967 2190 4007 xxxvi.
2226 3957 2377 4018 4⁰.·§
2407 3959 2461 4003 9.

1393 4034 1510 4084 Tam
1546 4033 1881 4081 honoratorum
1916 4032 2084 4091 colleg.
2114 4030 2214 4080 obs.
2237 4030 2483 4095 primum'

1389 4110 1599 4161 obvium
1636 4107 1736 4157 fuit
1771 4107 1916 4172 apud
1942 4106 2173 4166 Aldnm3
2209 4106 2349 4171 quod
2378 4122 2460 4155 re·

1391 4186 1608 4250 pudiare
1650 4198 1803 4234 ausus
1837 4198 1938 4235 non
1983 4197 2117 4244 sum,
2157 4182 2283 4231 licet
2318 4182 2465 4231 aliud

1391 4262 1601 4325 Sigonio
1622 4269 1675 4310 et
1700 4258 1977 4310 Gebltardo
1998 4259 2158 4308 visum
2177 4256 2354 4322 fuerit,
2372 4258 2458 4306 iis·-

1393 4352 1497 4404 que
1534 4337 1861 4390 adsentiatur
1897 4336 2054 4387 etiam
2090 4333 2207 4391 διο.
2250 4335 2465 4390 Perizo-
