2934 4925
486 418 663 486 7682

489 578 591 628 alia
635 574 1114 627 ‘delenimentum'
1156 577 1294 640 apud
1349 575 1550 626 Livium

487 660 749 718 corruptoe
767 659 993 716 exstant,
1008 660 1061 702 et
1085 654 1289 703 inscitia
1312 653 1549 702 librario·

486 746 600 782 rum
624 733 676 781 in
693 733 709 763 ‘
726 730 998 780 delinitus’
1020 738 1074 778 et
1097 730 1112 758 ‘
1128 728 1517 779 delinimentum
1533 727 1549 750 ’

482 808 739 859 abierunt.
817 807 905 857 Ita
937 822 977 857 1.
999 812 1082 857 5⁷.
1115 807 1131 833 ⁴
1156 808 1264 856 Rex
1292 808 1549 856 Romanus

485 892 594 934 tum
635 884 747 949 ipse
784 883 959 940 ditari,
998 884 1276 933 exhaustus
1313 881 1546 944 magnifi-

482 961 658 1011 centia
685 959 1002 1025 publicorum
1027 967 1385 1023 operum,tum
1412 973 1547 1022 prae·

481 1036 551 1087 da
591 1037 807 1087 delinire
845 1037 1167 1102 popularium
1203 1036 1397 1084 animos
1435 1043 1545 1083 stn-

479 1112 697 1169 dobatz’
731 1112 818 1163 nbi
853 1111 1128 1176 legendum
1163 1118 1289 1174 puto
1318 1111 1541 1168 delenire,

477 1187 539 1241 id
565 1195 667 1251 est,
707 1188 966 1252 mitigare,
1000 1188 1227 1249 placare.
1293 1186 1542 1250 Superius

479 1265 616 1317 enim
659 1279 707 1314 c.
743 1269 826 1314 56.
872 1264 1094 1323 dinerat,
1136 1263 1338 1326 plebem
1377 1266 1543 1313 minus

479 1341 708 1404 gravari,
751 1354 807 1389 se
834 1341 1048 1403 ‘templa
1091 1342 1261 1390 Deum
1309 1340 1543 1390 manibus

475 1417 584 1465 suis
614 1415 962 1473 exedificare,
985 1431 1136 1482 quam
1160 1432 1314 1480 quum
1349 1418 1414 1467 ad
1439 1419 1542 1469 alia

470 1502 656 1556 ‘operm
688 1490 828 1543 foros
851 1493 902 1542 in
923 1493 1067 1543 circo
1096 1490 1378 1548 faciendos,
1401 1496 1540 1544 cloa-

476 1586 694 1639 camque
716 1574 985 1623 maximam
1005 1574 1278 1638 agendam,
1295 1574 1538 1623 traduce-

472 1647 662 1700 batur:
710 1664 848 1700 nunc
895 1651 1073 1714 itaque
1119 1653 1297 1714 praeda
1341 1653 1538 1703 animos

473 1726 800 1789 popularium
823 1728 1028 1777 delenire
1050 1727 1313 1777 studebat.
1359 1742 1435 1777 ιν.
1453 1734 1538 1779 61.

471 1803 490 1831 ‘
507 1801 849 1866 Aptissimum
875 1812 1080 1867 tempus
1102 1811 1236 1865 erat,
1260 1804 1535 1855 vindicatis

470 1882 835 1946 seditionibus,
876 1882 1277 1933 delenimentum
1335 1885 1536 1940 animis,

468 1958 659 2009 Bolani
703 1961 813 2023 agri
854 1960 1177 2021 divisionem,
1221 1961 1375 2024 objici
1394 1962 1427 2010 ς’
1456 1961 1536 2011 ita

468 2035 872 2099 praeferentibiis
900 2037 1051 2086 Voss.
1076 2038 1283 2101 utrique
1308 2045 1361 2086 et
1384 2038 1534 2086 Leid.

470 2115 519 2160 1.
561 2125 654 2175 pro
692 2111 1065 2169 delinimentum,
1110 2115 1287 2162 credo.
1371 2114 1533 2163 Plebs

467 2187 540 2237 ibi
571 2193 711 2251 ae³gre
732 2185 956 2250 ferebat,
980 2191 1270 2252 rogationes
1295 2190 1360 2239 de
1394 2206 1533 2239 com-

464 2263 632 2313 modis
666 2265 771 2313 suis
795 2265 1161 2329 promulgatas,
1184 2264 1414 2316 factione
1441 2283 1530 2330 pa·

468 2341 736 2392 triciorum
773 2342 1038 2399 obstante,
1069 2341 1196 2392 ferri
1220 2358 1321 2393 non
1349 2359 1531 2407 posse3

464 2424 524 2469 et
564 2425 745 2470 contra
784 2419 948 2484 leges,
990 2420 1174 2484 quibus
1217 2421 1412 2472 ordinis
1449 2424 1530 2473 sui

464 2494 659 2547 delicta
695 2498 1022 2561 punirentur,
1054 2496 1329 2548 confestim
1364 2500 1529 2564 accipi

460 2582 533 2626 et·
559 2576 823 2637 exerceri3
861 2584 916 2625 ut
951 2583 1124 2625 autem
1158 2578 1267 2625 haec
1291 2578 1369 2626 ira
1390 2579 1531 2627 miti·

456 2658 690 2714 *garetun
732 2667 910 2717 agrum
956 2653 1211 2703 Bolanum
1258 2654 1395 2705 inter
1438 2669 1528 2704 eos

463 2728 627 2778 dividi
668 2737 1010 2793 oportuerat:
1063 2737 1208 2779 recte
1249 2731 1449 2792 itaque·
1474 2730 1527 2779 id

460 2806 821 2857 delenimentum
842 2814 1034 2858 ·vocat.
1100 2807 1309 2857 Eodem*
1337 2809 1528 2859 mendo

464 2880 710 2933 Ovidium
754 2883 996 2933 liberavit
1035 2884 1317 2934 Burmann.
1358 2885 1529 2947 Epist.

461 2958 595 3009 Her.
639 2973 782 3010 xvu.
825 2965 907 3010 28.
960 2962 976 2989 ‘
1004 2961 1212 3010 Crimen
1251 2968 1367 3009 erat
1408 2976 1527 3011 nos·

461 3041 618 3092 trum,
634 3036 934 3085 eisdelenita
955 3034 1187 3087 fuissem.
1234 3039 1404 3090 Quum
1427 3040 1525 3088 sim

456 3121 637 3176 rapta,
653 3127 822 3163 meum
857 3113 1001 3178 quid,
1038 3113 1138 3162 nisi
1164 3115 1341 3170 .uolle,·
1366 3111 1466 3164 fuit
1488 3113 1527 3163 θ’

456 3188 693 3253 Raptum
717 3190 920 3238 crimini
953 3189 1049 3238 sibi
1077 3191 1212 3238 verti
1236 3204 1389 3253 posse
1413 3191 1524 3240 He·

454 3265 574 3314 lena
594 3266 850 3328 agnoscit,
873 3266 914 3313 si
939 3265 1206 3315 voluntate
1226 3274 1374 3329 rapta
1398 3264 1522 3314 fuis·

456 3349 558 3397 set,
602 3350 690 3391 aut
737 3342 799 3398 si,
844 3348 1117 3406 postquam
1165 3350 1317 3405 rapta
1361 3351 1520 3402 esset,

452 3423 575 3467 cum
618 3426 829 3481 raptore
889 3419 940 3467 in
987 3419 1208 3482 gratiam
1260 3421 1519 3483 rediisset,

453 3493 852 3557 ipsi-mitigata,
897 3494 1101 3558 placata
1145 3493 1299 3545 foret.
1382 3497 1516 3547 Vide

450 3571 665 3636 insuper
687 3571 967 3621 Burmann.
986 3571 1050 3621 ad
1075 3572 1285 3622 Pbaedr.
1302 3574 1537 3636 Prolog..

448 3660 541 3700 111.
572 3652 655 3697 44.
698 3647 916 3697 .Eodem
953 3647 1113 3697 verbo
1155 3651 1322 3700 utitur
1356 3651 1513 3700 etiam

449 3721 626 3773 Amm.
655 3724 895 3774 Marcell.
919 3735 1128 3774 xxvrn.
1151 3729 1199 3774 1.
1233 3724 1250 3751 ‘
1274 3726 1513 3775 Commo·

446 3803 695 3852 nitorium
740 3810 1006 3867 repertum
1046 3815 1127 3852 est
1163 3817 1313 3852 manu
1349 3806 1514 3869 scrip·

449 3884 560 3928 tum
604 3878 859 3942 Hymetii;
886 3879 1133 3941 petentis,
1160 3888 1215 3926 ut
1243 3881 1514 3930 obsecrata

442 3953 556 4003 ritu
608 3967 872 4002 sacrorum
923 3954 1241 4003 sollemnium
1297 3958 1513 4005 numina

446 4040 573 4090 erga
596 4041 651 4078 se
673 4030 1015 4092 imperatores
1037 4030 1363 4082 delenirem!
1413 4034 1532 4082 suz-

444 4110 668 4170 persunt
688 4104 842 4154 etiam
867 4105 981 4153 loca
1006 4106 1141 4168 apud
1166 4107 1383 4168 Livium,
1404 4111 1512 4172 nbi,

445 4179 777 4245 quumvnlgo
810 4180 1036 4230 delinitae
1067 4189 1121 4230 et
1157 4184 1509 4241 delinimentum

442 4257 724 4312 adetum-in
746 4257 959 4320 scriptis
997 4258 1307 4322 quibusdam
1330 4263 1510 4312 deleni-

442 4339 521 4390 τηε
539 4341 602 4391 et
619 4333 976 4392 delenimentum
1012 4334 1207 4399 inveni,
1243 4343 1298 4387 et
1334 4344 1508 4390 tamen

1181 433 1401 484 NoTAE
1446 433 1857 485 vAmoRmu
1909 434 1993 486 IN

1627 577 1880 626 veriorem
1905 584 2166 640 receptam
2193 576 2471 627 lectionem
2487 577 2695 642 judico.

1626 652 1712 702 De.
1741 653 1843 702 illis
1875 652 1941 702 ad
1977 665 2180 703 xxxix.
2204 657 2285 702 11.
2322 658 2421 724 §2
2462 664 2690 704 commo-

1624 730 1737 779 dior
1756 731 1943 792 agendi
1966 728 2257 794 locnsjerit3
2282 731 2368 778 ubi
2388 731 2525 780 vide.

1691 808 1795 864 Quo
1828 808 1983 857 minas
2015 807 2280 856 consularia
2314 807 2509 856 comitia
2547 807 2689 855 liabe-

1619 883 1809 946 rentur]
1846 885 1978 933 Haec
2002 884 2162 933 verba
2197 897 2229 931 a
2259 897 2331 933 m.
2358 897 2435 947 pr.
2460 883 2685 933 deerant

1620 958 1671 1008 in
1694 961 1842 1009 Port.
1871 959 1974 1009 Sed
1995 974 2110 1008 am.
2127 959 2478 1009 emendatrice
2501 968 2688 1022 postea

1619 1037 1838 1100 margini
1878 1037 2056 1087 addita
2090 1044 2225 1086 sunt.
2294 1034 2369 1085 At
2413 1040 2558 1085 totns
2598 1037 2685 1085 bic

1618 1116 1645 1178 §
1671 1117 1715 1163 1.
1754 1121 1809 1163 et
1839 1113 2019 1163 ultima
2043 1112 2203 1162 verba
2225 1126 2341 1176 cap.
2374 1126 2554 1175 praec.·
2587 1115 2687 1161 vel-

1616 1191 1800 1253 lentque
1833 1191 1887 1239 in
1920 1205 2021 1240 eam
2054 1204 2185 1253 spem
2212 1188 2384 1238 liberos
2406 1190 2573 1238 tollere
2593 1202 2685 1238 ex·

1617 1269 1788 1318 sulaut
1820 1268 2034 1318 a·Le’rd.
2056 1272 2106 1317 2.
2129 1266 2446 1330 negligentia
2477 1265 2686 1329 scribae,

1616 1346 1698 1395 cui
1733 1346 2054 1394 occasionem
2088 1343 2237 1393 dedit
2267 1342 2513 1406 repetitio
2537 1343 2682 1392 vocis

1614 1421 1882 1485 haberetur,
1909 1421 2212 1471 haberentur.
2247 1419 2383 1469 Vide
2403 1418 2470 1469 ad
2494 1432 2578 1501 lx:
2598 1423 2681 1468 11.

1613 1499 1642 1561 <>
1669 1502 1750 1548 11.
2449 1524 2456 1531 ·
2667 1530 2676 1535 -

1677 1577 1705 1639 ς
1729 1577 1761 1622 2
1798 1573 1967 1624 creati
1994 1574 2203 1623 consules
2236 1573 2298 1622 L.
2336 1572 2560 1625 Valerius
2581 1575 2681 1624 Po·

1610 1651 1748 1708 titus,
1783 1651 1862 1699 M.
1900 1650 2138 1716 Manlius]
2189 1650 2471 1715 Dionysius
2491 1651 2598 1700 »lib.
2642 1665 2682 1703 1.

1611 1742 1665 1793 p.
1700 1734 1781 1778 61.
1834 1728 1923 1777 nbi
1967 1728 2434 1793 chronographica·
2465 1736 2682 1790 tractat,

1610 1806 1745 1855 bunc
1763 1820 1952 1855 annum
1970 1820 1999 1855 a
2014 1806 2192 1868 primis
2201 1805 2495 1855 consulibus
2511 1806 2586 1854 ait
2600 1821 2679 1855 es-

1609 1897 1665 1931 se
1692 1883 2029 1932 centesimum
2060 1880 2499 1931 undevicesimum
2523 1898 2539 1933 z
2566 1883 2678 1945 qui·

1609 1959 1704 2008 bus
1728 1960 1771 2008 si
1794 1958 2059 2008 addideris
2085 1971 2266 2019 annos,
2290 1956 2475 2021 quibus
2510 1957 2681 2006 Roma

1607 2036 1704 2085 sub
1728 2036 1938 2100 regibus
1974 2034 2096 2099 fuit,
2135 2035 2365 2099 reperies
2397 2049 2590 2084 annum
2613 2033 2678 2083 ab

1610 2112 1755 2162 Urbe
1775 2113 1985 2163 condita
2007 2111 2432 2162 trecentesimum
2456 2126 2677 2174 sexage-

1606 2190 1789 2240 simum
1816 2190 2048 2241 tertium.
2089 2190 2261 2240 Recte
2286 2189 2445 2252 igitur
2462 2189 2678 2239 biennio

1608 2276 1728 2330 post
1773 2267 2021 2317 Camillus
2067 2272 2321 2331 supputat
2364 2268 2679 2316 trecentesi-

1605 2354 1742 2393 mum
1755 2344 2142 2407 *sexagesimum
2167 2343 2403 2409 quintum
2433 2342 2562 2408 (boc
2583 2343 2677 2393 lib.

1603 2434 1651 2471 c.
1674 2406 1783 2485 54'.)
1806 2427 1987 2471 contra
2009 2427 2163 2486 atque
2187 2435 2337 2472 senes
2357 2421 2531 2486 paullo
2556 2430 2673 2484 post

1604 2512 1656 2548 c.
1678 2503 1772 2550 4⁰:
1796 2505 2099 2563 supputant,
2134 2499 2238 2548 imo
2256 2513 2442 2564 onam·
2460 2499 2673 2548 Plutar-

1604 2575 1729 2623 chus
1763 2575 1815 2623 in
1852 2575 2070 2624 Camillo
2104 2590 2155 2640 p.
2193 2579 2306 2625 139.
2331 2582 2501 2639 atque
2539 2575 2671 2624 adeo

1601 2666 1758 2715 qnam
1798 2651 1995 2701 Plinius
2026 2663 2186 2706 xxxi.
2225 2656 2270 2701 1.
2302 2651 2344 2700 si
2376 2650 2531 2702 codd.
2567 2660 2697 2704 non·

1601 2726 1806 2777 fallunt.
1845 2729 1985 2778 Glur.
2050 2728 2190 2778 Vide
2212 2727 2551 2781 Dodwell.—in
2577 2741 2669 2777 no·-

1597 2807 1670 2856 tis
1686 2806 1748 2854 ad
1768 2806 2077 2869 Cbronolog.
2090 2805 2532 2856 Graeco-Roman.
2556 2820 2671 2869 qnae

1601 2882 1880 2946 subjicitur
1921 2881 2179 2946 Dionysio
2220 2880 2393 2930 Halic.
2438 2880 2505 2930 ad
2547 2896 2668 2931 ann.

1600 2968 1724 3010 ante
1765 2959 1888 3008 Chr.
1921 2966 2032 3011 nat.
2069 2971 2488 3009 cccnxxxv111.·
2528 2958 2669 3008 Huic

1599 3045 1772 3087 autem
1809 3035 2008 3088 consuli
2043 3049 2317 3099 perperam
2346 3034 2509 3085 Marci
2533 3045 2666 3099 praezf

1593 3123 1784 3164 nomen
1809 3113 2059 3163 tribuitur
2081 3113 2133 3162 in
2158 3112 2286 3161 Lov.
2308 3116 2360 3161 2.
2647 3145 2652 3152 Α

1599 3216 1614 3224 -
1661 3190 1739 3240 M.
1786 3189 2040 3251 Manlius
2070 3187 2148 3237 cni
2196 3188 2467 3250 Capitolino
2498 3195 2667 3252 postca

1582 3267 1689 3327 fait
1714 3264 1992 3329 cognomen]
2028 3265 2166 3315 Pan.
2194 3264 2297 3314 duo
2324 3271 2489 3329 posteo
2520 3268 2668 3317 etiam

1581 3344 1689 3404 suit
1709 3359 1844 3404 cogn.
1879 3343 2049 3393 Gebb.
2091 3343 2237 3391 ·Duo
2257 3342 2662 3398 Pall.·meliores

1593 3429 1648 3469 et
1686 3420 1837 3469 Voss.
1872 3420 2007 3469 alter
2038 3423 2201 3483 postea
2222 3419 2369 3469 etiam
2390 3420 2503 3479 suit
2522 3436 2664 3486 cogn.

1592 3498 1799 3559 Nempe
1846 3496 2060 3546 alterins
2099 3496 2377 3560 Capitolini
2422 3498 2664 3550 Quinctii

1590 3573 1782 3624 dudum
1808 3575 1969 3624 multa
1990 3573 2185 3622 mentio
2208 3571 2348 3623 facta
2372 3571 2570 3625 fuerat.
2602 3576 2661 3624 J.

1589 3652 1649 3701 F.
1676 3652 1829 3701 Gron.
1897 3651 1959 3701 In
1983 3650 2167 3699 Manlii
2196 3661 2496 3714 prenomen
2520 3654 2658 3701 Mar-

1587 3743 1669 3777 cus
1690 3727 1993 3790 conspirant
2026 3739 2204 3776 omnes
2231 3726 2367 3783 libri,
2392 3728 2580 3792 scripti
2602 3735 2659 3778 et

1586 3804 1784 3868 excusi,
1826 3804 2126 3853 cuiztamen
2163 3803 2386 3854 Diodor.
2418 3804 2530 3857 Sic.
2566 3806 2677 3857 libz·

1579 3881 1707 3932 1‘1v.
1735 3897 1786 3944 p.
1812 3885 1929 3931 449.
1994 3880 2134 3941 Auli,
2160 3881 2383 3945 Dionys.
2416 3882 2542 3931 Hal.
2565 3884 2658 3933 lib.

1587 3972 1627 4008 ι.
1670 3974 1734 4021 p.-
1760 3962 1844 4008 61.
1915 3958 2018 4007 Titi
2042 3971 2355 4021 prenomen
2404 3958 2657 4015 tribuere,

1585 4035 1829 4085 observat
1864 4035 2079 4099 Pighius
2111 4035 2164 4084 in
2202 4035 2393 4086 Annal.
2418 4036 2569 4087 Rom.
2590 4038 2652 4084 ad

1583 4127 1633 4161 a.
1656 4123 1869 4162 cccnxr.
1896 4127 1947 4176 p.
1971 4117 2088 4162 222.
2152 4113 2348 4162 Verum
2370 4113 2423 4162 in
2448 4115 2672 4165 nomine‘-

1585 4190 1768 4253 gentili
1823 4188 2152 4238 dissentiunt.
2190 4215 2202 4225 .
2221 4189 2357 4238 Nam
2419 4189 2670 4239 Manilius

1585 4272 1803 4315 vocatur
1825 4265 1877 4315 in
1898 4264 2052 4314 Voss.
2078 4268 2126 4313 1.
2149 4263 2295 4313 Leid.
2319 4268 2365 4313 1.
2385 4263 2517 4314 Lov.
2539 4269 2586 4314 l.
2603 4271 2671 4315 2.-

1581 4340 1816 4394 4..Har.
1838 4346 1906 4391 .et
1942 4338 2126 4406 fragm.
2161 4339 2304 4394 Har.
2364 4341 2568 4393 Mallias
2595 4344 2650 4391 in
