2934 4925
744 421 816 469 Τ.
860 419 1059 469 mvn
1106 420 1303 471 ms'r.
1351 423 1502 472 mn.
1548 425 1653 472 v1.
1697 426 1863 476 cAP.
1904 411 2013 478 39.

290 565 338 611 1.
378 558 591 612 omittat
615 563 848 626 ‘primum
892 564 1125 615 voculam
1168 565 1259 623 ni:
1290 570 1346 615 et

286 643 407 691 uelle
425 644 679 700 consulere,
703 643 882 693 addita
901 644 1195 708 voce,legst
1215 645 1343 694 Lora

286 720 338 765 5.
372 731 404 765 a
428 730 496 765 m.
530 731 632 766 sec.
686 718 806 767 Non
830 725 910 767 est
938 719 1132 783 itaque,
1155 732 1248 769 cur
1266 719 1345 767 Si·

289 792 427 856 gonii
450 792 619 841 codici
644 791 802 842 infido
839 793 1026 857 potius,
1047 808 1199 858 quam
1218 793 1345 849 aliis,

285 868 373 930 qui
407 868 457 917 in
489 869 691 917 diversa
726 875 871 929 eunt,
901 868 1191 919 credamus.
1260 868 1341 919 ltu

285 955 404 992 mox
427 944 612 993 tribuni
630 944 936 1007 simpliciter
957 959 1053 1010 pro
1086 951 1102 974 ⁴
1127 944 1344 994 tribunis

286 1018 451 1083 plebis
476 1019 492 1043 ’
536 1021 672 1071 dixit
714 1020 767 1070 in
821 1021 988 1085 princ.
1031 1020 1185 1085 hujus
1227 1035 1345 1085 cap.

284 1097 301 1123 ‘
323 1095 408 1145 Ab
440 1097 660 1147 tribunis
684 1098 828 1164 velut
865 1112 957 1160 per
995 1097 1342 1161 interregnum

282 1173 507 1222 concilio
529 1174 696 1237 plebis
727 1173 943 1223 habito?
1008 1173 1143 1223 Vide
1178 1174 1242 1223 ud
1279 1187 1343 1223 ιι.

279 1251 474 1313 56.§1.
541 1250 604 1299 In
626 1251 796 1300 verbis
820 1250 1056 1315 proxime
1080 1249 1342 1313 praecedd.

277 1328 477 1388 utraque
497 1340 574 1376 res
591 1331 681 1389 est,
703 1342 800 1390 pro
819 1331 917 1376 utr-
944 1340 1024 1376 res
1046 1332 1187 1391 esset,
1208 1327 1342 1378 male

280 1399 501 1464 praefert
525 1401 678 1452 Vo'ss.
699 1407 752 1453 2.

344 1477 375 1539 §
395 1481 426 1525 3
464 1478 529 1526 P.
559 1478 777 1529 Manlius
810 1478 979 1529 deinde
1006 1477 1211 1529 dictator
1238 1493 1341 1549 rem

276 1550 335 1600 iss
348 1566 562 1602 euusseus
576 1553 726 1617 plebis
740 1555 1011 1618 inelinavit]
1045 1555 1337 1617 Interpola·

275 1628 398 1677 titia
422 1629 597 1680 lectio.
662 1630 798 1681 Pell.
820 1630 922 1679 duo
946 1630 1150 1693 abjecte
1169 1630 1341 1680 inutili

276 1711 336 1755 et
365 1703 449 1753 hic
485 1706 755 1756 inhonesta
785 1706 966 1756 vocula
1002 1721 1121 1763 rem,
1157 1707 1339 1757 melius

276 1781 569 1846 praeferunt
608 1784 814 1834 dictator
855 1785 908 1834 in
941 1799 1153 1834 caussam
1186 1785 1341 1848 plebis

271 1861 536 1911 inclinavit.
601 1863 830 1913 Verbum
851 1862 1089 1913 absolute
1112 1865 1334 1926 positum

276 1952 395 1987 cum
447 1952 549 1988 non
604 1940 956 2003 intelligerent
996 1947 1335 1997 correctores,

273 2013 698 2077 interposuerunt
730 2016 889 2064 etism
923 2022 1104 2065 contra
1127 2025 1335 2064 senten·

273 2090 399 2140 tiam
435 2087 496 2139 τὸ
532 2104 648 2139 rem.
715 2091 888 2155 Supra
920 2105 969 2141 c.
990 2095 1070 2142 82.
1105 2093 1121 2121 ⁴
1142 2092 1220 2143 Ut
1251 2107 1333 2142 se·

272 2167 376 2216 mel
398 2167 665 2216 inclinavit
690 2167 1005 2231 pugna,jam
1034 2166 1335 2218 intolerabi-

271 2243 337 2291 lis
363 2244 592 2293 Romana
630 2243 708 2292 vis
744 2241 899 2292 erat?
943 2255 1023 2294 tx.
1046 2248 1130 2292 45.
1163 2243 1180 2270 ⁴
1200 2243 1332 2293 Cum

273 2317 339 2367 ad
380 2318 571 2367 bellum
606 2332 856 2382 pacemve
883 2318 1136 2368 inclinent
1159 2317 1333 2373 animi,

269 2393 379 2444 faui
403 2408 507 2443 non
531 2393 720 2458 posse!
756 2393 909 2443 Gelda.
962 2393 1213 2443 Voculam
1231 2406 1333 2441 rem

273 2471 374 2520 duo
407 2470 547 2534 apud
581 2485 663 2520 me
695 2469 850 2520 codd.
893 2468 1077 2534 fragm.
1112 2469 1250 2520 Har.
1275 2476 1332 2520 et

272 2547 398 2595 Lov.
420 2550 469 2594 8.
505 2559 634 2594 unus
656 2550 857 2596 tantum
880 2546 1018 2609 apud
1046 2544 1329 2595 Hesrnium

272 2622 448 2672 Oxou.
471 2624 531 2673 C.
553 2636 655 2671 non
679 2629 986 2686 agnoscunt.
1017 2622 1032 2650 ⁸
1052 2619 1331 2671 Inclinnre’

268 2699 459 2762 saepins
513 2699 752 2748 absolute
809 2698 952 2761 poni,
997 2711 1176 2748 verum
1232 2704 1331 2747 est.

255 2775 442 2838 Supra
464 2788 549 2824 m.
570 2779 653 2824 61.
681 2775 698 2802 ‘
713 2773 788 2823 At
809 2774 851 2823 si
872 2772 1081 2824 fortuna
1111 2774 1229 2823 belli
1251 2774 1329 2823 in-

263 2851 448 2909 clinet,
469 2852 692 2899 omnium
713 2850 890 2900 liberis
912 2851 977 2899 ab
1004 2859 1083 2900 tot
1106 2850 1328 2901 millibus

262 2926 491 2976 hostium
532 2927 816 2988 pericnlum
850 2925 965 2977 fore
986 2926 1024 2977 τ’
1070 2928 1135 2976 nd
1174 2943 1327 2993 quem

262 3004 437 3053 locum
466 3005 616 3067 plura
633 3004 773 3055 vide.
828 3004 1012 3055 Eidem
1036 2995 1209 3056 tumen
1232 3006 1328 3056 eti·

264 3096 351 3132 em
392 3096 565 3131 casum
603 3080 797 3131 addere
839 3081 988 3131 Livio
1021 3096 1124 3132 non
1165 3081 1327 3133 infre·

265 3171 432 3220 quens
474 3164 573 3206 est.
640 3156 726 3206 Its
764 3170 840 3207 tv.
876 3162 960 3207 55.
993 3158 1325 3210 ‘Inclinante

260 3233 454 3282 deinde
478 3247 535 3282 se
559 3231 765 3282 fortuna
787 3233 851 3281 nd
874 3246 1105 3284 caussam
1141 3235 1328 3297 plebis,

257 3309 441 3358 nuncii
477 3309 711 3365 veniunt,
742 3323 913 3359 arcem
942 3309 1324 3360 Carventanam

231 3385 463 3448 xAEquos
499 3385 744 3435 invasisse
764 3385 799 3435 :’
829 3386 917 3435 ubi
956 3386 1058 3436 alia
1087 3387 1328 3451 exempla

256 3459 400 3510 vide.
468 3460 539 3509 Et
590 3460 687 3510 boc
742 3460 857 3511 loco
911 3461 1095 3525 reliqui
1148 3476 1325 3512 omnes

258 3534 419 3586 codd.
458 3536 509 3585 in
555 3537 819 3599 vulgatum
864 3538 1184 3602 conspirent,
1227 3537 1326 3586 nisi

256 3609 400 3676 qnod
423 3611 704 3661 &clatos-em
719 3613 773 3663 iu
791 3627 1006 3662 caussam
1020 3612 1170 3677 plebis
1186 3614 1324 3663 incli-

254 3687 398 3738 navit
418 3688 661 3739 mendose
682 3688 889 3753 quidem
920 3690 988 3739 sit
1021 3690 1072 3739 in
1106 3689 1252 3739 Leid.
1278 3694 1324 3741 1.

255 3764 337 3815 its
371 3775 567 3829 tamen,
597 3772 872 3829 ut·uperte
905 3764 1075 3815 eidem
1108 3764 1319 3815 lectioni

256 3839 456 3892 faveat.
528 3842 708 3891 Tutius
754 3842 930 3906 itaque
974 3840 1198 3903 videtur,
1243 3848 1325 3892 tot

257 3917 417 3969 codd.
439 3924 493 3967 et
515 3918 652 3967 inter
686 3917 800 3966 illos
831 3916 1203 3981 integerrimis,
1223 3931 1323 3966 rem

255 3994 591 4044 servantibus
614 3992 769 4042 fidem
786 3992 1171 4059 habere,quam
1196 4008 1321 4058 psu-

254 4084 436 4121 corum
471 4070 789 4119 nuctoritate
828 4083 1010 4120 vocem
1053 4070 1195 4120 illam
1232 4084 1322 4119 ex·

258 4158 512 4211 pungere.

331 4224 391 4273 G.
415 4223 624 4287 Licinio,
645 4223 729 4287 qui
758 4223 976 4273 tribunus
1007 4222 1216 4273 militum
1233 4222 1321 4283 su·

256 4307 385 4363 erut,
406 4300 635 4360 magistro
671 4301 882 4361 equitum
915 4301 973 4349 de
1004 4300 1139 4365 plebe
1169 4300 1323 4362 dicto]

389 4380 567 4445 Delph.
588 4386 633 4432 et
660 4381 773 4430 Var.
797 4381 927 4430 Clas.

1265 4381 1455 4431 Livius.

2299 412 2475 483 8089

1421 565 1527 617 Hic
1547 580 1649 618 non
1671 574 1754 620 est
1773 569 1837 621 C.
1861 570 2109 634 Licinius,
2128 570 2217 636 qui
2240 570 2474 624 tribuna-

1419 647 1503 692 tus
1525 645 1688 707 plebis
1711 659 1893 696 novem
1911 659 2008 710 per
2029 649 2117 697 bos
2135 662 2296 698 annos
2312 650 2476 714 gessit

1411 734 1533 769 cum
1573 721 1632 770 L.
1668 722 1868 783 Sextio,
1897 731 1957 774 ut
1977 725 2138 774 trudit
2154 725 2472 776 Plutarchus

1417 795 1471 844 in
1506 797 1724 848 Camillo
1761 813 1812 862 p.
1837 802 1951 851 160.
2013 801 2151 851 Nem
2185 801 2252 852 de
2285 817 2348 852 eo
2388 802 2474 852 vel

1417 867 1514 919 hoc
1555 872 1713 922 etiem
1755 888 1891 924 anno
1930 875 2138 927 tribuno
2181 877 2345 941 plebis
2394 877 2474 928 ite

1416 949 1648 1011 suggerit
1684 949 1860 1001 Livius
1888 965 2010 1000 mox
2040 951 2139 1002 hoc
2161 967 2275 1017 cap.
2306 953 2473 1004 ‘Lici-

1417 1024 1534 1073 nius
1584 1026 1916 1091 Sextiusque,
1971 1042 2091 1078 cum
2145 1029 2471 1081 tribunorum

1414 1098 1587 1163 plebis
1628 1102 1968 1152 creandorum
2013 1103 2212 1155 indicta
2260 1107 2476 1159 comitia

1416 1183 1611 1241 essent,
1628 1178 1703 1227 itu
1725 1193 1782 1229 se
1803 1193 2002 1243 gerere,
2026 1190 2085 1230 ut
2107 1183 2346 1245 negando
2355 1183 2471 1246 jum

1416 1253 1515 1303 sibi
1537 1254 1669 1303 velle
1692 1256 1983 1306 continuari
2013 1257 2257 1306 bonorem
2278 1260 2473 1308 acerri-

1415 1343 1500 1379 me
1518 1330 1869 1380 accenderent
1890 1332 1954 1380 ed
1980 1331 2054 1394 id,
2074 1333 2210 1396 quod
2232 1333 2470 1384 dissimu-

1412 1405 1570 1455 lando
1601 1406 1872 1478 petebant,
1892 1408 2130 1471 plebem.’
2200 1408 2472 1476 Pauloque

1412 1490 1533 1546 post
1550 1481 1707 1533 iidem
1729 1484 2038 1548 loquuntur:
2073 1483 2222 1535 ‘Jam
2243 1499 2341 1535 nec
2364 1486 2473 1536 col-

1412 1558 1577 1621 legas',
1619 1572 1717 1608 nec
1759 1558 1969 1623 bellum,
2021 1574 2120 1609 nec
2157 1559 2472 1611 dictatorern

1412 1633 1641 1697 obstare,
1661 1635 1854 1700 quippe
1877 1637 1964 1702 qui
2000 1635 2157 1687 etiam
2188 1651 2337 1686 omen
2359 1638 2470 1702 ple-

1412 1709 1533 1760 beio
1576 1711 1791 1768 consuli,
1832 1701 2080 1773 magistro
2123 1714 2357 1777 equitum
2401 1726 2471 1763 ex

1408 1784 1565 1849 plebe
1583 1786 1825 1850 diceudo,
1846 1784 2088 1838 dederit-⁹
2139 1788 2269 1837 Cum
2293 1794 2471 1838 sutem

1410 1875 1512 1910 non
1527 1866 1764 1911 exstaret
1786 1876 1948 1913 annus
1970 1861 2107 1927 apud
2128 1863 2468 1928 Livium,quo

1409 1937 1727 1988 tribunatum
1748 1938 1833 1987 hic
1853 1938 2071 1988 militum
2086 1939 2470 2002 cepisset‚enm

1405 2014 1576 2077 ipsum
1613 2027 1774 2078 supra
1808 2028 1855 2066 c.
1888 2017 1972 2064 31.
2011 2016 2110 2078 §1.
2145 2029 2212 2063 ex
2244 2013 2470 2064 Diodori

1409 2088 1722 2139 auctoritate
1745 2090 1954 2140 tradidi.
2017 2091 2113 2140 Est
2135 2098 2308 2141 antem
2332 2089 2468 2141 veri-

1405 2163 1591 2220 simile.
1626 2164 1671 2214 si
1702 2164 1882 2215 Livius
1919 2163 2173 2215 Licinium
2205 2166 2469 2217 tribunum

1406 2240 1573 2305 plebis
1601 2241 1963 2296 intellexisset.
1997 2256 2098 2292 non
2132 2243 2215 2306 qui
2250 2244 2469 2293 tribum

1405 2317 1614 2366 militum
1630 2317 1823 2383 fuerat,
1844 2317 1936 2367 sed
1968 2319 2048 2381 qui
2076 2319 2292 2368 tribunus
2315 2318 2470 2382 plebis

1404 2397 1530 2453 erut,
1567 2391 1827 2443 dicturum
1859 2391 2033 2458 fuisse,
2070 2394 2208 2459 quod
2251 2409 2319 2443 ne
2357 2395 2468 2445 ani-

1406 2469 1688 2519 madvertit
1717 2470 1928 2536 quidem
1967 2469 2123 2521 etiam
2162 2470 2467 2522 Glareanus.

1405 2544 1578 2606 Sigon.
1645 2546 1935 2596 Glareanus
1966 2546 2028 2597 C.
2069 2547 2342 2613 Licinium,
2375 2546 2467 2612 qui

1403 2618 1504 2668 hoc
1542 2634 1678 2670 anno
1713 2622 1965 2685 magister
2003 2623 2232 2687 equitum
2267 2622 2464 2684 primus

1402 2693 1472 2743 de
1498 2697 1651 2758 plebe
1672 2695 1789 2753 fuit,
1812 2697 2034 2747 Stolonis
2064 2709 2353 2761 cognomen
2375 2697 2463 2746 hs-

1402 2769 1580 2823 buisse
1615 2771 1862 2836 credidit,
1883 2772 1948 2821 ed
1985 2785 2103 2835 cup.
2133 2786 2293 2836 praec.
2327 2774 2356 2837 ξ
2383 2775 2463 2822 11.

1401 2849 1540 2914 quod
1563 2848 1748 2914 probat
1786 2862 1852 2898 ex
1887 2848 2000 2898 loco
2038 2847 2171 2897 Livii
2196 2860 2251 2897 x.
2281 2851 2333 2897 8.
2368 2849 2463 2898 ⁶11.

1400 2926 1610 2977 Sextius
1647 2928 1844 2991 primus
1868 2926 1934 2976 de
1971 2927 2127 2989 plebe
2164 2927 2343 2976 consul
2379 2933 2463 2977 est

1401 3001 1588 3059 fuctus,
1626 3004 1688 3054 C.
1715 3002 1948 3052 Licinius
1971 3002 2121 3052 Stolo
2146 3003 2335 3066 primus
2355 3014 2463 3052 mu·

1403 3080 1566 3143 gister
1604 3077 1872 3145 equitum?
1936 3078 2090 3128 Addo
2132 3078 2288 3129 Dion.
2328 3079 2463 3128 Coc-

1400 3155 1570 3205 ceian.
1589 3153 1773 3219 fragm.
1797 3154 1850 3205 in
1866 3154 1997 3204 Exc.
2021 3154 2249 3204 Peiresc.
2273 3169 2326 3219 p.
2343 3158 2461 3207 586.

1397 3228 1630 3279 Λικίννιον
1647 3229 1743 3294 ’γὰρ
1763 3228 1995 3283 Στόλωνα
2022 3229 2307 3293 προσείλετο
2341 3229 2461 3282 ὄντα

1392 3306 1657 3371 ἵππαρχον.
1722 3307 1794 3357 Et
1815 3306 2024 3373 quidem
2061 3308 2345 3358 secundum
2380 3308 2460 3359 Si·

1399 3383 1609 3447 gonium
1633 3383 1882 3433 adsensus
1911 3388 1994 3433 est
2016 3383 2302 3435 Glareanus
2332 3383 2460 3434 Plu·

1397 3460 1596 3522 tercino,
1628 3460 1717 3525 qui
1748 3459 2051 3524 magistrum
2083 3459 2317 3524 equitnm
2346 3473 2460 3509 cre-

1397 3532 1561 3586 debut
1584 3550 1700 3585 eum
1723 3536 1992 3585 Stolonem
2011 3548 2148 3596 esse,
2162 3536 2249 3598 qui
2270 3535 2457 3584 multos

1399 3626 1557 3661 annos
1578 3626 1693 3662 cum
1716 3612 1779 3661 L.
1803 3611 1983 3660 Sextio
2005 3610 2324 3659 tribunatum
2348 3611 2462 3674 ple·

1397 3686 1479 3736 bis
1512 3687 1695 3751 gessit,
1717 3693 1773 3736 et
1796 3685 1949 3736 vet-iis
1980 3685 2178 3749 legibus
2210 3685 2458 3735 adversus

1398 3779 1524 3828 opes
1568 3764 1900 3828 patriciorum
1945 3770 1998 3813 et
2042 3778 2135 3827 pro
2176 3764 2458 3813 commodis

1399 3840 1562 3903 plebis
1585 3841 1955 3904 rempublicam
1989 3839 2252 3889 turbavit:
2289 3853 2456 3905 neque

1398 3916 1452 3967 id
1469 3931 1708 3982 umquem
1723 3916 2228 3979 negavitGlareanus
2239 3916 2291 3964 in
2305 3918 2456 3966 stric-

1399 3993 1551 4054 tnris,
1594 4006 1719 4055 ques
1764 3992 1984 4042 Scholiis
2034 3992 2247 4055 sigonii*
2274 4000 2457 4059 postea

1398 4069 1659 4133 obposuit.
1722 4068 1841 4120 Jum
1864 4074 2036 4116 autem
2059 4068 2373 4117 sententiam
2398 4069 2459 4118 il-

1397 4145 1495 4194 lum
1520 4144 1769 4195 Glareuni
1798 4141 1979 4192 falsam
2010 4154 2141 4198 esse,
2173 4156 2277 4191 non
2300 4143 2455 4195 modo

1399 4221 1643 4285 Sigonius
1675 4220 1740 4269 ad
1773 4220 1908 4269 bunc
1931 4220 2098 4268 locum
2122 4220 2339 4283 monuit,
2361 4218 2453 4267 sed

1402 4298 1612 4363 Pighius
1643 4297 1820 4362 etiam,
1846 4296 1933 4362 qui
1972 4294 2276 4360 magistrum
2311 4294 2453 4363 equi-

2179 4379 2244 4426 23
2280 4377 2325 4427 E
