2934 4925
468 410 645 475 7726

465 573 651 621 'errore
673 570 870 622 librarii
896 572 1024 622 abiit
1045 572 1098 623 in
1121 573 1316 623 certam.

537 649 873 713 Delectumquae
887 648 1038 699 nihilo
1051 646 1414 711 accuratiorem]
1430 648 1533 700 Bo·

469 741 541 775 na
568 727 725 776 lectio
747 726 989 777 turbatur
1024 726 1251 777 dissensu
1291 726 1530 777 codicum

470 804 606 854 Mss.
630 817 659 852 e
682 803 867 867 quibus
889 805 1023 855 Pail.
1046 807 1166 862 duo,
1195 807 1276 870 qus·
1301 809 1533 857 delectum

466 878 617 929 nihilo
635 894 792 929 accur.
826 879 942 930 Pal.
964 886 1010 932 2.
1036 896 1176 938 vero,
1200 883 1282 946 qui
1301 885 1533 934 delectans

467 972 646 1020 quoque
661 958 816 1007 nihilo
833 974 990 1010 amr.
1026 959 1200 1011 Gebh.
1266 961 1533 1011 Dilectum·

409 1023 414 1028 ’
466 1047 557 1095 que
579 1033 717 1083 Flor.
741 1035 888 1084 Leid.
915 1039 963 1085 1.
987 1041 1041 1085 et
1064 1036 1343 1088 Klockian.
1393 1037 1532 1087 Vide

466 1109 535 1157 ad
554 1123 781 1160 xxxvn.
798 1116 880 1162 61.
906 1114 1002 1177 §7.
1024 1115 1146 1177 quod
1160 1116 1335 1163 lectum
1351 1129 1533 1179 quoque

463 1186 616 1236 nihilo
638 1203 793 1237 eccur.
826 1191 1257 1253 depravatissimo
1279 1190 1417 1242 Ham
1440 1193 1530 1257 qui

467 1271 641 1313 tamen
679 1263 819 1315 forte
852 1267 978 1316 dare
1012 1268 1174 1318 voluit
1203 1269 1287 1333 qni
1304 1270 1533 1320 delectam

464 1356 645 1404 quoque
674 1342 823 1392 nihilo
843 1359 997 1393 accur.
1027 1352 1085 1393 ut
1100 1344 1383 1410 praeferunt
1407 1347 1533 1399 Lov.

466 1421 518 1467 2.
536 1422 585 1467 4.
606 1425 654 1469 5.
679 1419 825 1470 Harl.
844 1426 893 1471 1.
926 1431 982 1472 et
1016 1422 1165 1473 Port.
1196 1426 1279 1489 qui
1299 1417 1533 1475 delectum

405 1551 408 1556 ‚
465 1496 617 1545 nihilo
630 1512 784 1546 accur.
803 1500 951 1550 Voss.
964 1506 1014 1551 2.
1032 1501 1156 1551 Lov.
1174 1506 1223 1552 8.
1242 1510 1295 1552 et
1312 1504 1530 1555 Gaertn.

441 1572 547 1642 ‘qui
567 1570 788 1624 dilectum
808 1576 958 1625 nihilo
977 1592 1134 1626 accur.
1157 1577 1340 1643 fragm.
1357 1580 1495 1629 Hav-

471 1687 476 1692 .
535 1651 691 1707 Qu’am
722 1654 785 1702 ad
819 1655 976 1704 media
1011 1656 1132 1705 bellu
1162 1656 1326 1707 haberi
1359 1659 1530 1708 solitus

465 1728 596 1793 erut]
620 1728 698 1778 Ad
714 1731 855 1780 melia
874 1731 997 1781 bella
1014 1732 1159 1782 Leid.
1177 1738 1228 1784 2.
1254 1736 1271 1764 4
1295 1735 1531 1785 Medius’

463 1805 552 1856 hie
573 1814 657 1856 est
677 1807 971 1858 mediocris.
1001 1811 1171 1875 Supra
1195 1827 1256 1861 ιι.
1276 1816 1360 1863 49.
1394 1814 1410 1842 4
1434 1814 1528 1866 Se-

466 1883 723 1946 quebatur
768 1886 922 1935 turba
965 1896 1301 1952 cognatorum
1340 1891 1531 1942 sodali·

463 1972 674 2024 nmque,
706 1961 832 2010 nibil
856 1964 1105 2027 inedium,
1140 1980 1238 2017 nee
1260 1982 1406 2031 spem
1430 1983 1529 2021 nee

466 2049 665 2096 curam,
707 2037 800 2086 sed
846 2041 1078 2091 inmensa
1115 2044 1285 2094 omnia
1320 2047 1528 2095 volven-

391 2119 394 2122 ·
465 2112 595 2160 tium
619 2114 826 2163 animo!
857 2129 935 2165 vr.
961 2120 1040 2168 14.
1066 2120 1082 2148 4
1102 2118 1532 2190 Adparebatqne,

463 2200 565 2236 nee
589 2189 694 2237 reri
715 2188 894 2250 indicii
926 2195 1148 2255 gratiam
1171 2199 1408 2262 mediam,
1429 2215 1528 2252 nee

464 2262 583 2314 falsi
638 2265 993 2321 obfensionem
1046 2269 1196 2323 fore?
1258 2289 1387 2325 xnv.
1445 2281 1529 2327 35.

463 2342 480 2386 4
516 2341 728 2392 Intacta
782 2345 977 2396 invidia
1029 2349 1202 2400 media
1253 2361 1410 2414 sunt;
1458 2353 1527 2403 ad

465 2432 665 2470 summa
696 2419 862 2473 ferme
890 2426 1092 2480 tendit.'
1139 2429 1227 2479 ‘Et
1249 2429 1346 2481 boe
1370 2445 1528 2481 sensu

464 2499 662 2547 servari
713 2509 889 2562 posset
932 2505 1143 2569 vulgata
1186 2507 1344 2558 lectio
1384 2509 1526 2573 apud

465 2573 628 2622 Ovid.
664 2575 1012 2643 Metamorph.
1045 2596 1169 2633 vm.
1206 2589 1321 2634 620.
1356 2589 1372 2616 4
1400 2588 1526 2637 tiliae

407 2708 414 2717 ο
463 2653 784 2703 contermina
852 2671 1076 2719 quereus
1146 2661 1408 2712 Collibus·
1447 2673 1530 2715 est

461 2727 727 2792 Phrygiis,
759 2732 931 2782 medio
964 2735 1287 2787 circumdata
1324 2754 1469 2788 muro
1488 2739 1526 2789 ἰ’

464 2811 523 2852 ut
561 2806 740 2855 modico
778 2824 928 2867 muro,
965 2812 1099 2876 quod
1138 2815 1225 2864 alii
1261 2816 1529 2880 exhibent,

463 2896 528 2930 ex
563 2884 734 2946 glossa
768 2893 946 2938 natum
984 2891 1074 2944 sit.
1138 2894 1311 2945 Quum
1353 2905 1528 2946 tamen

461 2959 559 3006 viri
571 2960 714 3011 docti
731 2963 784 3012 in
803 2968 1251 3028 praestantioribus
1264 2972 1527 3038 plerisque

461 3036 641 3085 modico
689 3054 747 3088 se
796 3040 1056 3095 invenisse
1101 3054 1380 3110 testentur,
1430 3065 1527 3114 pro

405 3170 410 3177 .
464 3114 628 3165 altero
658 3121 973 3179 pertendere
1000 3126 1137 3175 nolo.
1206 3127 1338 3178 Tum
1358 3131 1529 3179 solitus

463 3197 569 3239 erat
601 3193 785 3258 haberi,
819 3198 922 3248 alio
944 3201 1143 3259 ordine,
1179 3204 1329 3254 Voss.
1351 3210 1401 3257 2.
1439 3208 1527 3257 ha·

465 3269 567 3316 beri
584 3270 773 3333 solitus,
795 3274 983 3324 omisso
1005 3278 1075 3338 τῷ
1093 3286 1216 3343 erat,
1250 3282 1377 3330 Lov.
1401 3288 1447 3332 1.
1471 3291 1526 3332 et

467 3343 617 3394 Leid.
641 3351 691 3396 2.
729 3348 892 3399 haberi
911 3354 1142 3404 sollicitus
1160 3362 1266 3406 erat
1302 3358 1452 3408 Harl.
1476 3363 1525 3411 1.

463 3422 550 3485 qui
607 3436 751 3474 error
792 3428 949 3477 etiam
995 3431 1119 3481 alibi
1175 3435 1530 3485 committitur.

464 3497 604 3547 vide
629 3500 724 3550 boe
749 3502 837 3552 lib.
864 3503 928 3554 ad
955 3521 1004 3556 e.
1025 3512 1109 3558 22.
1134 3511 1161 3574 §
1183 3516 1233 3564 δ.

528 3577 557 3640 §
589 3580 619 3625 4
663 3579 1120 3645 Violatoribusjuris
1140 3588 1355 3653 humani]
1389 3592 1528 3642 Vide

460 3651 527 3701 P.
545 3653 767 3706 Fabrum
786 3656 1036 3713 Serne'str.
1054 3677 1118 3716 11.
1143 3669 1188 3716 l.
1225 3667 1360 3719 Duk.

465 3764 476 3774 .
505 3764 510 3769 .
540 3730 821 3798 Ειιιεαηιφιε
873 3753 1009 3788 suam
1061 3742 1346 3803 legationem
1403 3745 1528 3808 esse]

466 3808 748 3873 cusamque
770 3811 915 3864 Leid.
940 3819 986 3863 1.
1006 3816 1299 3882 clausamque
1321 3820 1474 3870 Port.
1495 3837 1526 3871 a

459 3895 531 3929 ru.
566 3898 645 3945 pr.
713 3885 842 3936 Tum
888 3905 1022 3939 suam
1057 3905 1160 3942 non
1206 3895 1428 3958 adparet
1472 3897 1525 3947 in

463 3956 616 4007 Harl.
635 3964 685 4009 2.
733 3961 806 4013 At
829 3967 1111 4027 legationem
1130 3984 1263 4020 suam
1287 3973 1525 4036 trajectis

459 4034 674 4085 vocibus
716 4038 967 4092 exhibent
1018 4045 1161 4095 Flor.
1206 4047 1355 4096 Voss.
1400 4049 1523 4107 duo,

462 4109 613 4158 Leid.
656 4111 778 4169 duo,
822 4116 949 4165 Lov.
992 4121 1238 4186 quinque,
1281 4125 1432 4176 Harl.
1477 4110 1552 4175 l.'

465 4186 687 4236 Gaertn.
727 4190 865 4241 Hav.
904 4192 1092 4257 fragm.
1132 4198 1266 4248 Hav.
1300 4208 1355 4250 et
1399 4203 1520 4252 edd.

462 4262 613 4314 Rom.
654 4269 811 4327 14⁷2„
839 4284 903 4321 ae
934 4270 1112 4322 Parm.
1179 4275 1364 4328 Paullo
1398 4287 1521 4331 ante

1170 426 1387 476 NOTAE
1436 426 1841 478 VARIORUM
1895 431 1976 478 ΙΝ

1600 578 1728 636 post,
1743 586 1836 638 pro
1848 578 2112 637 postquam,
2124 573 2455 639 neglegentia
2471 574 2671 627 librarii

1604 650 1756 699 Harl.
1774 657 1823 701 2.
1857 651 1988 701 Tum
2005 657 2298 716 acceperant,
2320 667 2416 716 pro
2434 668 2673 719 accepere,

1607 727 1736 776 Lor.
1757 732 1807 777 4.

1671 804 1962 867 maante:
1999 804 2094 867 ira,
2134 804 2270 866 cnjus
2308 805 2553 868 inpatiens
2600 810 2677 855 est

1601 881 1746 945 gens]
1781 883 1995 946 Repone
2015 883 2149 945 οιήιιι
2167 884 2500 947 impotentem
2528 898 2675 946 gens.

1607 956 1774 1007 Rben.
1821 959 1906 1009 Sic
1921 958 2154 1023 ἐπιγαίου
2175 959 2361 1023 Aldus,
2385 970 2442 1010 et
2456 959 2675 1017 Juntas,

1606 1043 1663 1085 et
1685 1035 1862 1093 Curio,
1901 1045 2187 1103 posteaque
2208 1051 2420 1087 omnes:
2455 1045 2513 1087 et
2546 1051 2675 1086 eon·

1604 1111 1779 1163 firmat
1812 1126 1915 1164 non
1956 1116 2119 1164 solum
2152 1114 2371 1165 Borbet.
2410 1114 2679 1177 Rhenani,

1606 1189 1698 1238 sed
1724 1197 1781 1239 et
1801 1188 1888 1239 alii
1911 1191 2205 1255 complures
2227 1192 2427 1255 scripti.
2493 1191 2567 1240 Et
2596 1191 2675 1241 sic

1606 1267 1785 1316 Livius
1800 1280 1962 1318 xxix.
1985 1272 2035 1317 9.
2064 1275 2080 1299 4
2102 1268 2388 1317 Pleminius
2408 1268 2676 1331 impotens

1605 1341 1736 1394 irre?
1770 1355 1908 1394 ιιι.
1945 1348 2027 1394 42.
2059 1351 2073 1374 ⁶
2101 1345 2181 1394 Ex
2220 1343 2521 1406 insolentia,
2556 1342 2678 1407 qui·

1605 1417 1702 1469 bus
1733 1433 1867 1469 nova
1887 1418 2093 1470 fortuna
2115 1420 2205 1479 sit,
2241 1419 2558 1482 impotentes
2581 1418 2673 1467 las-

1605 1496 1738 1546 titiae
1771 1495 2034 1548 insanire.’
2101 1498 2175 1546 At
2212 1495 2450 1547 Andreas
2489 1496 2675 1546 Roman

1603 1572 1753 1623 dedit
1795 1573 2070 1636 impatiens,
2125 1574 2394 1638 secutique
2432 1572 2677 1623 ·Mediol.

1603 1652 1737 1701 Ven.
1781 1652 1936 1702 Tarv.
1981 1653 2202 1704 Beebar.
2248 1652 2395 1715 Meg.
2415 1681 2427 1690 ·
2449 1650 2678 1701 Ascens.

1604 1729 1785 1779 Savet.
1818 1729 2040 1781 Ovidius
2058 1730 2123 1780 de
2139 1729 2302 1794 Ajace
2319 1730 2455 1778 Met.
2470 1741 2603 1777 1111.
2620 1731 2677 1777 8.

1602 1808 1618 1835 ‘
1643 1808 1819 1873 thue
1835 1804 1956 1859 'erat
1989 1807 2267 1872 impatiens
2306 1804 2435 1854 iroe.'
2499 1804 2676 1856 Quem

1601 1887 1774 1937 lecum
1804 1894 2102 1951 opportune
2138 1885 2264 1936 mihi
2298 1882 2524 1948 subjecit
2548 1884 2600 1933 N
2606 1882 2682 1932 ie.

1603 1963 1875 2025 Heinsius,
1925 1964 2131 2013 unicum
2172 1969 2404 2011 nostrum
2451 1966 2507 2010 et
2552 1961 2680 2009 Mn·

1600 2037 1775 2090 sarnm'
1787 2038 2048 2090 delicium.
2079 2039 2370 2103 Appuleius
2384 2039 2522 2089 Met.
2537 2038 2575 2086 1.
2595 2050 2677 2087 ιν.

1602 2129 1655 2180 p.
1683 2121 1792 2167 156.
1817 2117 1946 2166 edit.
1967 2115 2202 2167 Elmenb.
2234 2117 2251 2143 4
2274 2116 2365 2173 Et,
2388 2115 2677 2178 impatiens

1603 2192 1996 2257 indignationis,
2040 2194 2217 2257 capite
2246 2192 2530 2258 ¹quus-santi
2567 2189 2677 2242 fre·

1601 2270 1786 2320 mens.’
1817 2272 1875 2320 J.
1913 2271 1973 2320 F.
2014 2271 2168 2321 (ἒν-οτι.
2232 2270 2531 2334 Utrumque
2565 2266 2675 2317 dici

1602 2355 1780 2412 potest
1813 2348 2110 2412 ‘inpatiens
2134 2346 2258 2397 irae'
2294 2353 2351 2397 et
2381 2347 2675 2410 ‘inpotens

1601 2423 1730 2484 irae,'
1767 2432 1822 2477 et
1856 2426 2015 2477 etiam
2048 2424 2191 2490 apud
2214 2424 2413 2475 Livium
2440 2423 2679 2487 aliosque

1600 2502 1810 2553 obvium
1849 2511 1947 2555 est.
2015 2505 2172 2553 Prius
2203 2502 2437 2552 obcurrit
2468 2513 2550 2550 vr.
2588 2503 2674 2549 16.

1600 2579 1617 2607 4
1640 2580 1746 2630 Sed
1771 2581 1965 2630 invieta
2000 2580 2097 2630 sibi
2128 2580 2367 2644 quasdam
2392 2578 2677 2641 patientis-

1601 2658 1729 2706 sima
1770 2658 1902 2721 justi
1956 2658 2160 2721 imperii
2205 2657 2403 2706 civitas-
2430 2651 2677 2705 fecerat.'

1602 2748 1723 2784 ιιι.
1745 2739 1826 2785 31.
1857 2737 1874 2765 4
1901 2735 2074 2786 Quum
2099 2748 2250 2799 aquae
2279 2734 2384 2782 vim
2407 2733 2569 2781 vebat
2590 2732 2675 2783 in·

1601 2819 1831 2875 gentem,
1860 2826 1960 2861 non
2002 2820 2176 2860 tamen
2217 2810 2424 2859 navium
2461 2809 2673 2872 patiens

1600 2887 1720 2937 est.'
1764 2902 1971 2938 ιιιιι.
1988 2893 2038 2938 9.
2056 2895 2070 2917 ⁴
2090 2888 2246 2938 Urbis
2262 2887 2573 2950 magnitudo
2586 2900 2673 2934 ea·

1600 2967 1794 3029 pacior,
1806 2964 2202 3031 'patientiorque
2218 2965 2397 3014 taiium
2413 2964 2669 3013 malorum

1599 3057 1664 3092 ea
1685 3042 1909 3094 celavit?
1961 3058 2008 3094 e.
2035 3047 2115 3093 13.
2150 3043 2167 3070 4
2192 3042 2250 3093 Si
2273 3042 2361 3107 qni
2386 3042 2557 3095 minus
2580 3055 2673 3105 pa·

1599 3122 1793 3171 tientes
1842 3120 2114 3170 dedecoris
2153 3120 2278 3181 sint,
2313 3132 2409 3182 pro
2445 3118 2668 3168 victimis

1598 3197 1870 3248 inmolari!
1937 3200 2006 3248 Et
2041 3198 2222 3247 eodem
2258 3196 2428 3260 eap.·‘
2454 3194 2671 3259 Captari

1601 3281 1785 3323 aetates
1809 3282 1863 3324 et
1887 3275 2078 3323 erroris
2102 3280 2158 3323 et
2179 3272 2344 3335 stupri
2368 3270 2669 3335 patientes.³

1599 3348 1759 3413 Apul.
1783 3351 2000 3399 Metam.
2023 3351 2061 3399 1.
2079 3363 2155 3398 rv.
2180 3363 2232 3412 p.
2248 3351 2361 3396 151.
2386 3349 2401 3375 4
2419 3348 2669 3410 Denique

1602 3427 1734 3477 tanti
1754 3427 1945 3476 doloris
1966 3427 2223 3491 inpatiens
2246 3424 2421 3489 populi
2443 3425 2669 3474 eircum-

1601 3501 1807 3555 flnentis
1846 3504 2066 3553 turbelis
2102 3501 2413 3552 inmiseeor.'
2481 3502 2668 3551 Poste·

1602 3583 1708 3630 rius
1737 3595 1867 3631 νιιι.
1891 3585 1971 3630 39.
2005 3581 2022 3608 4
2047 3581 2233 3645 Neque
2268 3591 2450 3642 pugnae
2493 3591 2666 3643 neque

1599 3655 1738 3722 fugas
1780 3658 1907 3706 satis
1949 3664 2190 3719 potentes
2226 3654 2534 3704 eaeduntnr.'
2587 3667 2668 3702 ιι.

1602 3737 1679 3783 14.
1714 3734 1729 3760 4
1755 3733 2096 3783 vanissimam
2128 3732 2402 3792 increpans
2434 3737 2665 3793 gentem,

1600 3826 1717 3876 quae
1740 3825 1946 3859 suarum
1973 3812 2216 3873 inpotens
2238 3821 2410 3856 rerum
2429 3806 2542 3854 aliis
2559 3821 2665 3855 mo·

1599 3886 1720 3936 dnm
1778 3888 1919 3951 pacis
1962 3900 2024 3935 ac
2068 3885 2188 3935 belli
2236 3882 2414 3933 faeere
2458 3897 2663 3948 aequum

1598 3964 1874 4015 censeret?
1939 3977 2105 4014 xxm.
2137 3965 2216 4011 16.
2266 3962 2282 3990 4
2310 3961 2384 4010 Ut
2423 3968 2668 4024 potentes

1599 4056 1770 4092 rerum
1813 4056 2022 4093 suarum
2067 4038 2412 4104 atque-urbis
2438 4039 2661 4087 Poenunr

1598 4119 1720 4169 inde
1767 4134 1862 4184 pro
1909 4119 2145 4169 Romano
2184 4117 2487 4179 acciperent
2505 4113 2542 4163 ς’
2574 4115 2661 4164 ubi

1598 4197 1748 4260 plura
1771 4198 1870 4246 alia
1892 4194 2058 4245 videri
2080 4200 2305 4257 possunt.
2355 4192 2426 4240 Et
2450 4190 2660 4255 quidem

1596 4275 1739 4341 prins
1760 4273 2002 4333 defendit
2028 4274 2148 4326 Nic.
2170 4271 2418 4327 Heinsius
2447 4268 2514 4321 ad
2542 4268 2655 4323 aa·
