2934 4925
624 338 800 405 7570

588 499 595 508 ·
627 496 798 562 Sigon.
869 497 1119 561 Campano
1148 496 1283 549 bene
1306 497 1545 551 Andreas
1564 497 1687 551 olim

1318 354 1537 406 »101²AE
1585 353 1989 406 VAluontm
2039 356 2121 406 ΙΝ

1766 501 1893 553 Lev.
1919 506 1967 551 1.
1990 505 2039 552 2.
2062 506 2111 554 3.
2136 506 2186 552 5.
2217 516 2249 551 a
2285 516 2364 552 m.
2411 515 2514 566 pr.
2563 502 2701 553 Lei«

628 589 875 627 excusum
907 571 1071 625 dedit.
1138 577 1273 626 Pall.
1293 577 1395 627 duo
1414 583 1688 643 conspecto:
1762 592 1883 645 que,
1902 577 2091 643 fragm.
2112 578 2251 629 Hav.
2273 587 2336 630 et
2367 578 2701 629 oxoniens

632 652 830 717 absque
855 651 1009 702 dubio
1033 653 1283 717 scriptum
1315 662 1427 705 erat
1453 655 1689 718 ἀρχαϊκοῖς
1762 661 1814 707 2.
1840 671 1903 706 ac
1925 657 1987 707 C.
2016 655 2151 722 apud
2174 656 2568 712 fluminum-5¹
2619 659 2701 707 Co

630 734 880 794 compecto.
945 729 1034 778 Sic
1061 731 1313 795 scriptum
1348 733 1521 795 reperi
1549 731 1690 797 apud

631 804 701 855 A.
726 805 949 856 Gellium
985 819 1083 856 xx.
1118 811 1166 857 1.
1201 808 1254 858 in
1288 808 1396 860 Ms.
1432 810 1548 859 Pal.
1594 811 1610 839 ‘
1632 809 1690 860 Si

630 895 773 944 reus,
814 881 901 945 qui
946 882 1209 945 depecisci
1258 886 1512 947 noluerat,
1549 886 1691 951 judi-

632 959 684 1009 ci
721 958 963 1009 talionem
999 960 1275 1024 imperanti
1305 977 1411 1013 non
1441 962 1694 1026 parebat)

629 1035 775 1086 Hinc
798 1036 970 1086 mendi
992 1036 1192 1088 indoles
1216 1040 1461 1091 manavit.
1513 1042 1628 1092 Pal.
1647 1046 1698 1092 2.

631 1114 868 1164 comalio.-
890 1112 958 1163 ad
981 1115 1263 1177 marginem
1290 1130 1412 1166 vero
1431 1132 1498 1167 ex
1515 1133 1696 1182 compo·

632 1190 760 1240 sito.-
792 1199 1067 1256 utrumque
1089 1199 1170 1243 est
1195 1193 1432 1256 genuine
1454 1194 1698 1245 lectionis

633 1267 1171 1340 interpretamentum.
1238 1270 1390 1324 Quod
1423 1279 1480 1322 et
1512 1285 1699 1338 perpe·

636 1358 747 1394 ram
780 1346 1048 1407 amplexus
1077 1354 1158 1396 est
1190 1348 1448 1411 Sigonius,
1484 1358 1541 1400 et
1576 1356 1699 1400 ante

635 1419 779 1486 illum
801 1421 854 1472 J.
876 1422 1188 1486 Campanus.
1224 1423 1378 1475 Gema.
1449 1426 1702 1489 Gompacto

628 1497 742 1561 jam
766 1497 1004 1548 Andreas
1039 1506 1097 1549 et
1127 1515 1328 1563 omnes,
1351 1501 1518 1552 donec
1550 1502 1701 1566 Sigo-

638 1575 755 1624 nius
775 1590 837 1624 ex
856 1577 1127 1640 composito.
1198 1579 1436 1629 Muretus
1470 1581 1699 1631 consulto.

638 1651 718 1702 At
738 1654 877 1703 Flor.
902 1660 1138 1718 conpecto.
1191 1656 1272 1705 Ex
1304 1670 1406 1720 qno
1431 1656 1701 1720 intelligis,

640 1728 1068 1795 quemadmodum
1111 1732 1166 1780 in
1205 1732 1512 1796 quibusdam
1551 1734 1703 1798 Sigo-

639 1807 806 1859 niauis
839 1814 897 1857 et
916 1807 1128 1858 -duobus
1150 1809 1301 1858 Voss.
1329 1816 1509 1860 natum
1540 1807 1705 1860 fuerit

640 1888 896 1949 εοιιερωεο.
984 1883 1125 1934 Hinc
1170 1883 1323 1934 discis
1361 1886 1540 1947 etiam,
1579 1884 1703 1951 quid

640 1963 1083 2014 manendumne
1126 1963 1192 2014 de
1224 1965 1461 2015 Suetonii
1498 1966 1612 2016 loco
1653 1966 1708 2016 in

646 2038 874 2089 Octavio
904 2053 952 2088 c.
987 2042 1070 2089 15.
1117 2039 1134 2068 ‘
1159 2039 1451 2103 conspecto
1489 2054 1608 2091 eum
1640 2039 1707 2091 ad

531 2148 536 2153 ·
646 2131 789 2166 arina
823 2114 964 2177 isse‚’
1004 2116 1091 2166 ubi
1121 2117 1326 2179 Lipsius
1359 2118 1531 2170 Elect.
1563 2133 1604 2169 1.
1627 2123 1710 2169 12.

645 2198 901 2257 compacto.
935 2190 999 2240 Id
1017 2192 1350 2243 casaubonus
1366 2208 1469 2244 non
1492 2194 1680 2259 probat
1692 2210 1709 2245 ι

647 2284 766 2320 esse
804 2270 942 2321 enim
975 2268 1031 2318 ἐκ
1065 2268 1378 2334 συνθήματος,
1415 2271 1554 2336 qnod
1595 2271 1715 2322 huic

647 2347 766 2418 loco
787 2361 890 2396 non
914 2346 1209 2397 conveniat.
1277 2346 1350 2397 At
1381 2337 1647 2412 convenit,
1675 2344 1714 2397 ὃ

647 2425 756 2484 rav,
799 2431 856 2477 et
897 2426 975 2475 ita
1017 2424 1247 2491 quidem,
1289 2431 1348 2476 nt
1387 2426 1516 2477 nibil
1556 2426 1713 2479 aliud.

650 2504 843 2554 Sensus
882 2504 1037 2560 enim,
1079 2504 1217 2553 inter
1256 2503 1535 2554 Octavium
1569 2514 1625 2555 et
1654 2506 1715 2558 L.

650 2581 935 2632 Antonium
969 2583 1101 2631 clam
1123 2583 1448 2640 convenisse,
1481 2590 1538 2634 ut
1561 2585 1719 2634 sinin·

648 2661 822 2712 larent
845 2659 1167 2721 inimicitias,
1189 2654 1243 2710 et
1264 2661 1356 2719 sic,
1377 2661 1465 2725 qni
1488 2674 1717 2724 praesen-

651 2744 758 2789 tem
800 2740 1010 2789 'statum
1065 2736 1431 2802 gravarentur,
1486 2736 1716 2788 Antonio

654 2815 799 2866 velut
832 2815 978 2864 duce·
1003 2815 1083 2864 vel
1119 2814 1294 2877 capite
1315 2815 1513 2877 oblato,
1536 2802 1717 2865 vol'nn-

652 2898 794 2942 tates
830 2890 1109 2942 nudarent.
1176 2890 1261 2940 Sic
1292 2890 1428 2952 apud
1470 2892 1717 2941 Plautum

656 2965 921 3017 Pseudolo
946 2980 986 3016 ι.
1010 2970 1060 3015 5.
1084 2969 1198 3016 126.
1230 2967 1246 2994 4
1266 2964 1374 3016 Aut
1389 2966 1456 3017 de
1478 2980 1719 3031 compac-

653 3049 712 3092 to
737 3042 941 3092 faciunt.
974 3042 1204 3091 consutis
1234 3040 1395 3092 dolis:
1414 3041 1430 3064 ’
1464 3042 1719 3094 alter‘Ca·

653 3119 992 3168 meran-ianus·
1033 3118 1093 3166 J.
1133 3118 1190 3169 F.
1224 3118 1379 3168 Groui.
1465 3120 1723 3170 Ut'nutlto

655 3193 960 3246 verisimilius
984 3193 1055 3258 fit
1100 3192 1322 3243 Gaertn.
1365 3194 1601 3244 sollemni
1642 3210 1721 3245 er-

657 3285 794 3330 rore,
813 3271 879 3321 de
902 3286 1003 3336 quo
1028 3270 1143 3320 vide
1166 3271 1261 3321 hoc
1283 3270 1375 3321 lib.
1398 3271 1464 3321 ad
1489 3286 1536 3322 c.
1553 3277 1602 3322 8.
1623 3276 1652 3339 §
1672 3277 1723 3323 8.

656 3349 787 3398 Tum
810 3363 872 3397 ex
891 3347 1143 3411 composito
1168 3347 1316 3398 Harl.
1333 3352 1382 3399 2.
1399 3362 1504 3414 quo
1521 3339 1724 3400 Livium

659 3425 782 3476 alibi
805 3440 943 3489 saepe
978 3440 1125 3475 usum
1153 3439 1289 3489 esse,
1321 3425 1610 3476 Glareanus
1632 3426 1725 3478 ob·

661 3508 854 3553 servat.
923 3503 1008 3553 Ita
1032 3517 1072 3553 1.
1089 3507 1140 3553 9.
1162 3504 1179 3533 4
1195 3503 1323 3553 Τιιιιι
1347 3517 1413 3553 ex
1435 3504 1727 3569 composito

660 3586 780 3630 orta
819 3578 950 3629 visz'
985 3579 1070 3629 nbi
1114 3578 1234 3629 vide
1278 3579 1425 3644 plura
1467 3582 1727 3645 exempla.

664 3656 838 3708 Quum
877 3664 1051 3706 tamen
1089 3656 1258 3706 nullus
1302 3670 1530 3705 meorum
1571 3657 1728 3708 codd.

662 3733 924 3788 concinat,
968 3740 1025 3783 et
1066 3739 1265 3782 tantum
1307 3740 1568 3796 suspecta
1605 3734 1729 3785 fidei

663 3809 795 3859 Mss.
814 3808 945 3858 banc
964 3808 1243 3859 lectionem
1263 3806 1565 3871 preferant,
1583 3818 1729 3861 recte

665 3900 782 3935 earn
806 3900 837 3934 a
860 3884 981 3934 viris
1007 3884 1189 3935 doctis.
1205 3885 1450 3948 rejectam
1487 3885 1730 3949 arbitror,

665 3961 1011 4012 dissentiente
1046 3961 1280 4024 quamvis
1308 3960 1539 4024 sigonio.
1606 3963 1729 4012 Con·

665 4040 789 4088 culto
831 4044 912 4086 est
955 4037 1009 4086 in
1056 4036 1207 4086 Port.
1247 4036 1384 4086 Har.
1428 4045 1484 4088 et
1517 4038 1732 4089 Hearnii

668 4113 955 4163 oxoniensi
979 4113 1051 4163 N.
1072 4112 1324 4175 composito
1359 4112 1410 4162 in
1442 4113 1572 4164 Lov.
1594 4118 1643 4165 4.
1676 4122 1732 4166 et

666 4204 833 4253 marg.
890 4191 1017 4241 Lov-
1059 4194 1108 4238 5.
1163 4194 1409 4253 conspecta
1459 4205 1625 4241 caussa
1663 4184 1731 4242 ‘in

669 4266 892 4318 Gaertn.
935 4271 1196 4338 conspecto,
1244 4272 1440 4329 praeter
1484 4268 1633 4320 Voss.
1673 4284 1730 4319 u·

670 4350 911 4413 t‘rumque
952 4359 984 4395 a
1023 4338 1288 4396 Gronovio
1343 4343 1631 4412 laudatum,
1676 4349 1732 4399 in

1769 733 1907 785 Flor.
1927 737 2112 798 roperto
2134 734 2186 783 in
2208 734 2529 785 Klockian.
2572 749 2701 799 cons

1767 810 1919 860 Harl.
1943 814 1990 861 l.
2057 812 2190 863 Quae
2223 811 2419 861 omnia
2463 826 2543 861 eo
2587 811 2701 862 duc

1767 899 1885 935 cum
1925 886 2047 936 viris
2078 886 2250 935 doctis
2285 888 2380 935 vel
2424 892 2701 950 compecto

1770 963 2001 1027 antiquo,
2043 964 2126 1012 vel
2168 968 2429 1026 cmpaceo
2485 978 2698 1014 verum

1771 1053 2028 1091 censeam.
2109 1039 2393 1104 Compacto,
2443 1054 2557 1103 pro
2595 1040 2620 1069 ‘
2647 1056 2701 1090 e:

1771 1115 1965 1182 paeto,'
2010 1116 2028 1145 4
2051 1115 2120 1166 de
2162 1111 2508 1182 compacto?
2529 1139 2540 1144 ’
2607 1118 2701 1167 ΡΙε

1774 1193 1980 1258 Captiv.
2002 1206 2093 1243 ιιι.
2118 1197 2164 1242 l.
2182 1197 2266 1243 29.
2300 1194 2318 1223 4
2342 1194 2578 1245 Omnes
2602 1209 2701 1245 cm

1773 1285 1884 1321 rem
1915 1278 2093 1333 agunt,
2116 1272 2261 1336 quasi
2298 1272 2358 1321 in
2393 1271 2647 1322 velabro
2672 1288 2701 1322 o

1774 1346 2023 1399 Afranius
2059 1348 2111 1396 in
2149 1348 2534 1411 EmancipatO,
2577 1362 2696 1412 apu

1776 1426 1866 1475 ris.
1886 1423 2063 1474 Instit.
2085 1424 2320 1475 Graium.
2343 1427 2381 1475 l.
2401 1438 2473 1474 ιι.
2509 1436 2570 1489 ρ.
2588 1429 2701 1483 1177

1774 1499 1951 1552 facere
1973 1495 2246 1565 compacto
2268 1500 2497 1551 omnia.’
2548 1495 2701 1552 Vide

1778 1579 2007 1629 Brisson.
2046 1578 2112 1627 de
2145 1577 2373 1627 Verbor.
2409 1577 2623 1642 signif.
2667 1579 2701 1628 li

1777 1669 1908 1706 voce
1937 1657 1953 1685 ‘
1978 1652 2362 1718 Compactnm.’
2456 1656 2553 1705 Ita
2597 1671 2701 1705 eom

1778 1746 1875 1797 pro
1905 1732 1923 1760 4
1947 1746 2016 1781 ex
2053 1730 2386 1795 composito,’
2424 1731 2701 1801 virgil-‘513

1779 1824 1846 1860 ιι.
1868 1812 1983 1859 129.
2015 1810 2032 1838 4
2060 1808 2163 1857 Vix
2196 1806 2413 1858 tandein
2447 1809 2661 1872 magnis

1780 1884 2091 1937 clamoribus
2126 1890 2295 1948 actus,
2318 1885 2642 1951 Composito
2678 1883 2702 1934 ι’·

1783 1961 1995 2013 vocem.'
2078 1960 2095 1989 ‘
2130 1961 2448 2025 Inproviso’
2495 1961 2617 2013 Liv.
2669 1977 2701 2014 v

1782 2041 1801 2070 4
1824 2039 2135 2091 Patentibus
2174 2038 2341 2103 portis
2363 2054 2553 2105 ‘quum
2598 2040 2695 2105 inp

1785 2114 2139 2167 incidissent?
2173 2130 2267 2179 pro
2293 2130 2398 2180 quo
2429 2116 2592 2167 etiam
2615 2131 2683 2166 ex

1786 2194 1885 2245 viso
1915 2199 1971 2243 et
1997 2194 2057 2242 de
2090 2193 2331 2256 inprovise
2358 2192 2465 2243 diei
2501 2194 2658 2243 solet.

1789 2286 1907 2337 qnae
1931 2269 1996 2321 ad
2019 2285 2136 2320 euin
2158 2271 2329 2320 locum
2350 2278 2622 2321 notantur.

1855 2350 1885 2414 ξ
1905 2354 1938 2398 8
1971 2348 2125 2397 Prius
2143 2349 2310 2397 datum
2331 2350 2481 2397 locem
2502 2346 2701 2397 Veienti!

1788 2425 2081 2476 ὒισειιάειιάα
2109 2440 2271 2489 opera,
2291 2424 2400 2475 belli
2420 2425 2701 2491 trahendis-1

1791 2503 2015 2552 primm
2033 2504 2200 2551 Mum
2218 2503 2370 2551 Ιοοιιηι
2391 2504 2539 2552 Voss.
2560 2508 2606 2552 1.
2632 2504 2700 2554 Le

1790 2579 1920 2631 Lov.
1945 2582 1990 2628 1.
2012 2584 2072 2629 et
2091 2578 2311 2629 Gaertn.
2372 2580 2497 2629 Tum
2518 2581 2581 2629 ad
2599 2581 2701 2630 ineis

1788 2650 1929 2723 opera
1960 2658 2091 2708 Lov-
2118 2659 2170 2706 ⁴.
2250 2657 2521 2707 Contrario
2555 2658 2700 2707 error

1789 2736 2077 2790 tendentem,
2097 2746 2194 2797 pro
2226 2733 2519 2795 incidentem,
2537 2741 2615 2784 est
2636 2736 2685 2785 in

1793 2814 1841 2861 1.
1863 2808 2000 2859 infra
2024 2809 2120 2860 boc
2150 2824 2267 2873 cap.
2298 2812 2425 2875 §14
2490 2811 2701 2862 Praeterae

1793 2887 2016 2938 trahendi
2044 2885 2226 2937 deficit
2259 2887 2312 2939 in
2333 2885 2475 2937 Leid.
2494 2891 2544 2936 2.
2562 2887 2701 2937 inerti

1794 2963 1972 3014 brarii.
2036 2962 2053 2991 4
2075 2962 2303 3012 Trahere
2334 2962 2540 3013 bellum²
2571 2963 2701 3013 Livio

1794 3054 1975 3105 quens.
2035 3040 2208 3103 Supra
2229 3052 2315 3089 ιιι.
2334 3044 2411 3090 62.
2442 3042 2458 3070 4
2482 3041 2547 3089 Et
2569 3041 2691 3091 trabi

1795 3120 1901 3168 lum
1924 3116 2220 3175 salubriter,
2242 3123 2299 3167 et
2328 3124 2511 3168 mature
2537 3117 2701 3182 perfici

1796 3194 1939 3246 test.'
2002 3208 2081 3246 xv,
2119 3198 2201 3244 18.
2229 3195 2465 3245 §Veienti
2498 3194 2698 3245 Fidenat

1798 3273 1914 3337 plns
1956 3273 2070 3335 spei
2113 3272 2166 3322 in
2212 3271 2452 3321 trahendo
2491 3270 2619 3321 bello
2653 3286 2701 3321 es

1798 3364 1920 3413 cap.
1965 3363 2127 3415 proec.
2174 3348 2191 3376 4
2218 3349 2381 3398 Unum
2421 3348 2591 3397 bellum
2631 3362 2701 3397 am

1787 3426 1899 3491 jam
1937 3425 2145 3475 tertium
2188 3423 2359 3476 trabi.’
2416 3437 2485 3475 vi.
2514 3429 2588 3475 23.
2617 3424 2631 3452 4
2652 3425 2700 3475 01

1800 3503 1993 3553 sionem
2031 3501 2374 3566 juvandarum
2414 3501 2600 3551 ratione
2631 3503 2700 3552 vir

1798 3578 2056 3631 trahendo
2070 3578 2208 3628 bello
2226 3577 2503 3643 querebat?
2522 3578 2639 3628 Vide
2653 3586 2701 3628 et

1800 3668 1882 3705 ιι.
1905 3658 1987 3706 23.
2005 3658 2086 3705 27.
2103 3662 2161 3704 et
2182 3658 2265 3705 32.
2330 3655 2440 3704 Mox
2455 3660 2496 3704 et
2510 3660 2701 3720 ιιὲιιιιησ]

1800 3732 1955 3783 ditum
1975 3732 2122 3781 Voss.
2139 3735 2190 3781 2.
2215 3747 2245 3780 a
2266 3745 2332 3787 m,
2349 3746 2420 3795 pr.
2436 3746 2542 3782 nunc
2554 3734 2698 3797 prodit

1802 3809 1989 3859 omisso
2010 3809 2086 3869 τῴ·
2105 3813 2175 3867 et,
2199 3809 2325 3858 Lov.
2346 3811 2385 3857 1.

1868 3886 1954 3949 §9
1991 3884 2169 3934 omnia
2188 3883 2322 3949 fieri,
2358 3889 2406 3934 at
2440 3892 2693 3937 consenescat

1812 3960 1951 4012 Veios
1971 3959 2233 4024 exercitus]
2266 3959 2388 4010 Vide
2413 3961 2573 4027 scalig.
2590 3963 2635 4012 in
2656 3962 2701 4013 Οι

1803 4054 1937 4102 cem,
1978 4040 2044 4089 ad
2089 4037 2218 4088 illud
2265 4041 2446 4088 vs.180.
2471 4054 2515 4104 p.
2544 4044 2639 4090 280.
2667 4040 2681 4068 4

1804 4108 1993 4167 cuncta
2032 4113 2274 4180 paranti.'
2317 4115 2465 4166 Klock.
2538 4118 2701 4167 Comes

1805 4193 1943 4244 Hav.
1979 4191 2158 4245 ,Male.
2215 4189 2351 4242 Infra
2370 4205 2435 4242 ix.
2454 4195 2518 4242 19.
2546 4191 2701 4242 ‘Alexa

1805 4271 1899 4321 dro
1934 4268 2105 4334 (quod
2140 4275 2322 4332 postea
2341 4269 2567 4319 Hannibali
2584 4269 2700 4319 acoid

1799 4346 1975 4401 'alieno
1998 4347 2051 4400 in
2074 4361 2201 4412 agro
2225 4347 2415 4400 bellanti
2430 4350 2637 4401 exercitus
2656 4363 2701 4399 cu
