2934 4925
732 380 803 430 r.
852 379 1042 429 mvn
1092 378 1292 433 ms'r.
1341 378 1489 428 ms.
1539 380 1604 428 v.
1647 377 1811 437 osv.
1856 364 1965 430 24.

253 531 362 587 est3
396 524 574 576 statim
609 523 677 576 ad
713 524 1102 591 persequendos
1137 524 1315 575 hostes

254 603 438 655 duxit.’
506 601 710 655 Deinde
732 618 873 667 quam
894 606 1014 667 quod
1048 603 1197 665 digna
1233 618 1313 667 pe·

252 687 406 733 terent
447 683 602 731 Port.
641 681 784 730 Har.
818 688 874 732 et
916 681 1068 730 Harl.
1094 685 1144 732 2.
1175 694 1316 744 quam

250 761 369 822 quod
411 760 614 822 dignum
654 764 867 823 peterent
910 759 1133 809 Gaertn.
1181 757 1317 820 digni

245 841 480 899 peterent,
505 835 559 884 id
582 844 681 892 est,
707 836 781 884 illi
807 842 1068 899 peterent,
1091 835 1176 898 qui
1211 848 1317 882 mc·-

251 913 507 963 rebantur
531 921 589 963 ut
616 927 797 976 pacem
819 913 1166 975 inpetrarent.
1212 911 1315 959 Vo-

250 1002 362 1037 cem
384 989 564 1052 dignus
583 990 677 1039 lnoc
692 1004 843 1038 seusu
862 989 1055 1053 optime
1075 988 1319 1087 exposuit

251 1066 486 1115 Gronov.
512 1066 752 1116 obs-111.
776 1070 825 1116 8.

316 1143 459 1191 CAP.
482 1155 642 1191 xx1v.
675 1145 752 1207 §1
799 1142 930 1192 Veiis
946 1143 1102 1206 captis
1121 1158 1209 1193 sex
1224 1143 1316 1192 tri·

250 1220 395 1268 bunos
433 1220 642 1275 militum
671 1220 911 1269 consulari
938 1226 1172 1284 potestate
1194 1221 1318 1270 inse-

249 1309 394 1358 quens
411 1309 563 1351 annus
585 1295 772 1361 habuit]
796 1297 934 1347 Pau.
954 1300 1002 1346 1.
1024 1311 1087 1348 ac
1108 1301 1157 1346 3.
1187 1296 1319 1347 Veiis

236 1373 422 1434 'captis,
464 1387 529 1421 ex
579 1371 785 1420 tribunis
821 1371 926 1422 mil.
977 1387 1104 1422 cons.
1145 1378 1320 1435 potest.

249 1449 400 1510 inseq.
434 1464 592 1498 annus
624 1448 789 1499 habuit
819 1451 935 1499 duos
954 1449 1021 1499 P.
1048 1452 1317 1500 Cornelios.

251 1525 426 1574 Gebb.
498 1525 745 1575 Esmdem
771 1526 1071 1588 lectionem,
1091 1540 1239 1590 quam
1265 1527 1317 1576 in

251 1601 454 1651 dnobus
468 1601 609 1649 Pan.
622 1600 930 1650 Gebhardns
949 1601 1166 1663 invenit,
1186 1616 1318 1664 prae·

250 1677 428 1728 ferunt
450 1675 589 1739 apud
615 1691 696 1725 me
718 1676 871 1726 Voss.
894 1682 944 1728 2.
978 1678 1106 1727 Lov.
1127 1681 1177 1727 2.
1199 1682 1246 1727 3.
1269 1681 1319 1726 4.

255 1759 304 1804 5.
327 1762 380 1804 et
404 1751 592 1816 fragm.
615 1753 753 1801 Har.
777 1768 805 1811 ᾳ
826 1769 894 1803 m.
919 1769 1000 1818 pr.
1049 1755 1165 1809 Nec
1192 1755 1320 1803 mul·

257 1840 364 1889 tum
404 1830 529 1879 inde
576 1829 687 1879 abit
726 1830 875 1880 Leid.
917 1835 963 1880 1.
1002 1831 1054 1879 in
1097 1846 1200 1896 quo
1239 1837 1320 1880 est

264 1907 390 1956 Veiis
410 1905 569 1968 captis
594 1896 658 1953 exi:
686 1905 838 1954 tribus
867 1905 1087 1955 militum.
1153 1906 1320 1970 Origo

257 1983 447 2034 erroris
484 1983 596 2046 ejus
632 1989 733 2046 est,
767 1982 905 2047 qnod
934 1983 1088 2034 litera
1110 1983 1321 2034 initialis

257 2060 341 2108 τοῦ
370 2074 460 2108 sex
482 2058 778 2122 intercepta
799 2059 867 2108 sit
884 2058 953 2109 ab
977 2060 1158 2110 ultima
1181 2059 1320 2109 vocis

259 2136 490 2201 praeced.
557 2136 696 2185 Vide
730 2136 794 2185 ad
830 2149 970 2186 xxx.
998 2142 1047 2185 8.
1080 2139 1180 2202 §Q
1248 2136 1323 2186 Ut

261 2223 434 2268 autem
457 2214 603 2262 locus
636 2226 840 2262 sensum
869 2213 1104 2277 baberet,
1139 2221 1322 2277 postea

264 2291 346 2340 alii
369 2289 590 2338 tribunos
610 2296 873 2338 mutarunt
897 2288 949 2338 in
971 2288 1198 2340 tribunis.

323 2367 463 2417 Duos
508 2365 571 2414 Ρ.
615 2364 882 2430 Cornelios]
943 2365 1053 2414 Duo
1098 2366 1323 2419 Publicos

267 2442 515 2492 Cornelios
554 2439 703 2490 Leid.
747 2445 793 2491 l.
857 2441 939 2492 De
974 2444 1050 2504 τῴ·
1077 2444 1193 2506 duo,
1230 2456 1324 2506 pro

254 2522 394 2583 duos,
415 2519 540 2570 vide.
576 2519 643 2569 ad
665 2531 839 2571 xxxV.
863 2525 945 2571 21.
970 2523 1063 2585 ς5.
1129 2522 1325 2571 Corne-

257 2598 444 2646 liorum
482 2602 657 2646 autem
689 2597 1005 2660 praenomins
1033 2598 1229 2662 duplici
1267 2599 1328 2646 P.

242 2674 323 2723 .P.
346 2675 398 2722 in
424 2673 659 2723 Liviauis
683 2673 1066 2736 exemplaribus
1099 2674 1327 2725 notanda

256 2766 391 2806 esse,
426 2758 487 2799 ut
515 2748 622 2801 sint
638 2750 741 2799 duo
758 2751 952 2813 Publii,
975 2758 1150 2800 monet
1171 2752 1328 2815 Pigh

258 2828 338 2876 ius
362 2827 415 2876 in
439 2826 636 2876 Annei.
669 2827 733 2876 ad
758 2842 805 2875 a.
831 2840 1093 2878 cccnvm.
1134 2843 1188 2892 p.
1209 2833 1326 2878 219.

257 2904 397 2967 qnod
452 2911 633 2954 tamen
686 2918 791 2952 non
832 2905 1181 2955 necessarium
1226 2910 1329 2955 est.

257 2980 581 3032 Praeeedens
633 2980 771 3029 enim
825 2981 963 3042 dnos,
1012 2986 1068 3031 et
1109 2996 1330 3046 sequens

264 3057 513 3105 Cornelios
554 3055 885 3119 praenomiuis
921 3063 1096 3106 notam
1127 3057 1196 3107 Ρ.
1226 3071 1329 3107 nou

263 3133 434 3188 aliter,
493 3145 653 3196 quam
707 3131 925 3195 Publius,
973 3132 1122 3183 reddi
1178 3147 1334 3196 posse

263 3208 479 3258 docent.

329 3286 580 3336 Coesouem
603 3285 806 3335 Fabium
826 3285 1112 3336 Ambustum
1132 3282 1331 3349 iterum]

267 3363 412 3413 Fabii
424 3362 676 3413 Ambusti
687 3369 871 3426 quater
884 3369 1005 3413 aute
1016 3363 1152 3412 hunc
1163 3364 1334 3411 locum

269 3443 317 3490 in
351 3440 742 3505 magistr-tibus
782 3441 977 3490 mentio
1011 3448 1114 3490 est.
1181 3438 1336 3489 Auno

269 3519 402 3567 euim
432 3529 701 3567 cccxnu.
734 3516 916 3565 consul
949 3515 1017 3568 Q.
1042 3515 1236 3566 Fabius
1260 3513 1336 3564 dl·

270 3596 405 3645 citur
423 3608 504 3644 ιν.
523 3598 607 3644 52.
624 3609 669 3642 s.
685 3606 937 3643 cccxmx.
957 3594 1093 3644 Item
1110 3604 1339 3642 mecon.

272 3679 320 3721 et
354 3686 403 3721 s.
426 3684 646 3721 cccmv.
683 3671 746 3719 C.
769 3670 988 3719 Fabiusz
1029 3684 1106 3718 tv.
1140 3673 1220 3718 58.
1256 3672 1339 3717 61.

272 3757 322 3798 et
368 3762 419 3796 v.
472 3752 556 3795 lo.
607 3760 916 3811 quamquam
960 3745 1170 3810 quidam
1217 3743 1339 3796 libri

278 3822 504 3874 Claudius
538 3820 784 3884 babeant,
817 3821 1080 3870 luculento
1104 3819 1339 3869 codicum

277 3912 467 3949 errore.
546 3897 654 3947 Hic
700 3897 922 3962 denique
970 3898 1106 3945 Coeso
1150 3896 1341 3948 dicitur

272 3967 535 4038 plerisque
575 3973 731 4023 codd.
766 3973 817 4021 in
853 3973 1160 4037 quibusdam
1183 3972 1339 4024 etiam

283 4052 338 4099 C.
355 4052 558 4106 Fabius.
576 4051 654 4101 M.
673 4065 877 4115 quoquc
892 4050 1034 4100 Fabia·
1055 4051 1105 4099 in
1125 4062 1340 4113 sequen·

283 4127 420 4176 tibus.
453 4128 652 4176 mentio
698 4137 795 4188 est,
838 4127 921 4192 qui
964 4134 1112 4189 pater
1150 4125 1342 4174 dicitur

281 4203 564 4265 legatorum
607 4204 881 4254 Fabiorum
908 4204 972 4253 ad
999 4203 1250 4265 Clusium,
1281 4215 1342 4250 ac

286 4288 463 4332 contra
481 4281 666 4336 Gallos
689 4282 1052 4346 pugnantium.
1116 4279 1275 4345 Atqui
1299 4278 1345 4327 si

2259 362 2445 451 *7643

1385 524 1472 577 bic
1501 525 1690 576 iterum
1723 525 1785 577 fit
1817 526 2059 578 tribunus
2086 526 2325 591 militum,
2354 531 2444 592 qui

1386 616 1453 652 ex
1477 602 1729 667 prioribus
1758 604 2109 654 emendandus
2133 604 2200 654 sd
2222 605 2356 655 bunc
2378 606 2449 657 sit

1385 681 1532 730 locus
1558 695 1657 731 non
1680 681 1834 745 plane
1857 690 2077 733 constat.
2114 684 2255 734 Glor.
2319 685 2446 735 Vct.

1387 756 1478 806 lib.
1505 757 1744 806 Coesonem
1764 757 1887 808 Fab-
1905 758 2047 808 Δηώ.
2065 760 2239 810 iterum
2269 760 2445 811 babet.

1390 832 1655 882 Diodorus
1688 833 1813 884 item
1851 835 1991 885 Bibl.
2013 837 2049 885 l.
2079 849 2198 886 xiv.
2238 853 2291 902 p.
2328 841 2446 891 445.

1391 908 1613 959 Καίσωνα
1648 907 1824 967 Φάβιον
1861 913 2111 962 nominat.
2186 915 2447 966 Quoniam

1391 994 1565 1038 autem
1609 987 1761 1037 Caeso
1800 988 1989 1038 Fabius
2032 989 2320 1040 Ambustus
2364 991 2445 1040 bis

1390 1070 1513 1114 ante
1568 1064 1803 1113 tribunus
1857 1065 2072 1115 militum
2118 1065 2235 1123 fuit.
2294 1068 2441 1117 Livio

1391 1140 1508 1204 ipso
1551 1148 1607 1190 et
1650 1141 1962 1204 Capitolinis
2009 1144 2349 1207 scriptoribus
2393 1151 2451 1195 et

1395 1219 1623 1271 Diodoro
1650 1219 1894 1284 testibus,
1910 1229 2189 1286 propterea
2204 1224 2302 1273 boc
2316 1237 2451 1273 suno

1393 1297 1590 1347 tertium
1621 1298 1689 1346 sit
1732 1311 1942 1347 necesse
1982 1304 2081 1354 cst,
2127 1313 2226 1347 non
2258 1300 2453 1349 iterans.

1376 1375 1574 1438 'Sigom
1638 1375 1710 1423 Κ.
1733 1373 1856 1423 Fab.
1875 1373 2022 1424 Δηώ.
2050 1375 2244 1424 tertium
2276 1377 2452 1439 legen-

1395 1449 1519 1498 dum
1544 1464 1680 1511 esse,
1718 1450 1914 1499 monuit
1949 1450 2106 1500 etism
2146 1451 2363 1514 Pighius
2398 1451 2453 1500 in

1395 1523 1534 1576 Anu.
1558 1525 1657 1575 loc.
1692 1525 1830 1575 laud.
1852 1525 2026 1576 iterum
2050 1534 2223 1577 tamen
2246 1536 2455 1578 servant

1394 1603 1534 1653 Flor.
1556 1603 1709 1653 Voss.
1730 1607 1779 1653 2.
1808 1603 1959 1654 Leid.
1982 1603 2151 1668 ambo,
2179 1605 2310 1655 Lov.
2333 1608 2381 1655 1.
2405 1610 2454 1655 3.

1393 1681 1444 1725 4.
1480 1681 1527 1727 5.
1563 1677 1783 1727 Gsertu.
1823 1684 1879 1727 et
1916 1677 2100 1742 fngm.
2142 1680 2279 1730 Hsv.
2347 1681 2454 1730 Sed

1396 1769 1497 1804 vox
1537 1755 1713 1804 iterum
1754 1754 1905 1805 deest
1948 1755 2001 1803 in
2053 1755 2190 1805 Hsv.
2236 1764 2459 1820 quatuor

1397 1837 1571 1881 eutem
1591 1833 1902 1904 praesgripta
1922 1833 2171 1882 vocabula
2206 1833 2260 1882 in
2303 1833 2454 1882 Harl.

1375 1916 1447 1961 ·2.
1472 1923 1527 1961 ct
1550 1911 1697 1962 Port.
1723 1914 1783 1961 C.
1811 1910 1929 1960 Fab.
1949 1909 2090 1959 Δηὼ.
2107 1909 2305 1959 tertiam
2325 1923 2458 1973 prae·

1382 1986 1501 2036 -fert
1523 1988 1674 2036 Voss.
1700 1990 1744 2034 r.
1784 1987 2021 2035 Coesonem
2041 1985 2166 2036 Fab.
2188 1982 2334 2035 Δηώ.
2362 1991 2459 2034 ter-

1398 2063 1520 2115 tium
1543 2063 1694 2113 Harl.
1720 2068 1768 2114 1.
1789 2064 1983 2115 tertium
2000 2063 2157 2113 etism
2183 2075 2459 2126 superesse

1395 2140 1450 2188 in
1469 2139 1642 2188 Oxou.
1664 2140 1725 2188 L.
1745 2143 1792 2187 1.
1812 2145 1863 2188 et
1884 2139 1949 2188 N.
1970 2138 2118 2187 testis
2135 2146 2216 2187 est
2231 2137 2463 2187 Hearns.

1399 2215 1605 2265 Primus
1630 2214 1702 2263 Κ.
1728 2213 1872 2263 Fabii
1910 2213 2148 2263 Ambusti
2175 2213 2463 2262 tribunatus

1398 2297 1714 2340 memoratur
1756 2304 1834 2339 ιν.
1874 2293 1958 2338 61.
2000 2290 2135 2339 alter
2176 2302 2231 2337 v.
2277 2292 2354 2338 10.
2397 2289 2462 2337 C.

1402 2369 1648 2418 Goesonem
1685 2365 1889 2416 Fabium
1923 2365 2118 2417 babent
2152 2365 2301 2415 Leid.
2328 2369 2374 2414 1.
2406 2371 2464 2420 et

1400 2446 1529 2496 Lov.
1555 2448 1601 2493 1.
1624 2456 1837 2508 quorum
1857 2441 2055 2492 librarii
2077 2440 2334 2505 duplicem
2358 2441 2464 2491 lec-

1401 2525 1593 2572 tionem
1609 2522 1708 2571 hac
1724 2521 1925 2575 ratione
1944 2535 2155 2570 servare
2169 2520 2463 2570 voluerunt.

1400 2598 1538 2649 Vide
1561 2597 1624 2646 sd
1653 2612 1740 2647 ιιι.
1772 2601 1854 2646 44.
1884 2599 1980 2661 ς4.
2048 2596 2113 2645 In
2136 2595 2308 2645 verbis
2331 2608 2466 2658 prae·

1401 2673 1552 2724 cedd.
1600 2674 1872 2722 Maximum
1913 2672 2152 2722 Valerium
2194 2671 2467 2720 Maximum

1402 2750 1578 2801 iuveni
1601 2750 1651 2800 in
1675 2750 1790 2799 cod.
1810 2748 1946 2798 Hav.

1476 2827 1537 2877 L.
1592 2825 1797 2875 Furium
1852 2823 2169 2874 Medullinum
2220 2822 2465 2886 quintum]

1403 2905 1656 2954 Ultimum
1698 2915 1873 2950 vocem
1913 2915 2013 2950 non
2047 2906 2333 2963 agnoscunt
2355 2899 2468 2962 ple·

1404 2981 1552 3044 rique
1593 2978 1754 3030 nostri
1797 2975 1950 3026 codd.
1994 2982 2048 3024 ut
2104 2988 2202 3023 nec
2246 2973 2468 3030 Hesi-nii

1408 3057 1583 3105 Oxou.
1628 3055 1696 3103 Β.
1740 3055 1811 3104 N.
1854 3051 1913 3101 C.
2004 3052 2130 3100 Eam
2189 3051 2469 3113 intercepit

1406 3130 1630 3196 proximi
1654 3129 1847 3179 tribuni
1877 3141 2178 3192 praenomen
2202 3127 2433 3183 Quintum
2452 3144 2468 3175 .-

1408 3207 1542 3272 quod
1567 3221 1631 3255 ex
1653 3220 1716 3254 co
1741 3202 2092 3267 confirmatur,
2131 3202 2250 3266 quis
2285 3213 2471 3252 contra

1409 3296 1705 3347 praenomcn
1733 3282 1795 3337 Q.
1820 3279 1998 3330 deficit
2028 3280 2079 3329 in
2103 3280 2239 3329 Flor.
2262 3286 2317 3328 et
2343 3281 2470 3329 Lov.

1410 3363 1460 3410 3.
1482 3373 1546 3409 ac
1567 3363 1615 3406 5.
1682 3358 1877 3408 Omnes
1911 3370 2063 3406 voces
2098 3357 2161 3405 P.
2191 3355 2313 3405 Fur.
2335 3355 2472 3409 Med.

1407 3437 1627 3498 quintum
1676 3448 1782 3485 non
1843 3433 2102 3497 adparent
2157 3432 2208 3480 in
2253 3431 2475 3481 Gaea-tu.

1415 3512 1541 3560 Mox
1597 3513 1757 3567 tertio,
1811 3525 1904 3574 pro
1956 3509 2171 3565 tertium,
2226 3507 2475 3558 obferunt

1413 3589 1565 3638 Port.
1587 3596 1643 3638 et
1666 3588 1803 3639 Hav.
1841 3585 2086 3636 Videlmc
2108 3585 2201 3634 lib.
2236 3582 2300 3632 ad
2324 3598 2370 3633 c.
2391 3588 2471 3633 15.

1478 3669 1523 3714 1.

1413 3667 1441 3730 ς
1480 3744 1508 3806 §
1542 3746 1574 3791 2
1610 3740 1724 3789 Non
1758 3737 1896 3788 when
1928 3737 1979 3787 vi
2011 3741 2097 3786 out
2133 3736 2363 3798 operibus
2370 3741 2472 3786 ten-

1414 3817 1556 3880 totae]
1590 3817 1743 3867 Urbes
1760 3815 1861 3865 suis
1880 3816 2003 3864 houd
2025 3828 2100 3877 op·
2123 3814 2251 3863 Lov-
2274 3816 2323 3864 4.
2345 3822 2400 3866 et
2424 3818 2476 3864 5.

1414 3908 1445 3942 n
1470 3910 1537 3943 m.
1562 3909 1641 3957 pr.
1668 3908 1761 3956 pro
1783 3906 1885 3955 quo
1907 3892 2049 3955 prior
2070 3904 2248 3940 eorum
2269 3890 2320 3937 in
2342 3903 2475 3939 mar·

1417 3972 1535 4034 gine
1560 3971 1687 4033 legit
1703 3968 1840 4017 urbes
1853 3973 1938 4017 aut
1958 3967 2191 4031 operibus,
2218 3967 2477 4030 posterior

1416 4065 1446 4099 a
1474 4063 1543 4097 m.
1567 4062 1671 4096 sec.
1694 4046 1834 4095 urbes
1849 4048 1897 4094 ci
1920 4047 2060 4098 haud.
2085 4060 2159 4107 op.
2209 4043 2477 4092 Praeterea

1416 4124 1577 4189 opibus
1597 4128 1906 4186 temperatum
1942 4123 2068 4171 ιον.
2091 4124 2140 4169 3.
2206 4119 2309 4168 Sed
2333 4132 2476 4180 saepe

1415 4203 1579 4266 opibus
1602 4209 1656 4250 et
1671 4201 1885 4264 operibus
1907 4205 2306 4248 commutantur.
2340 4195 2477 4244 Vide

1419 4280 1486 4330 ad
1514 4293 1643 4331 vm.
1667 4282 1746 4328 16.
1774 4279 1872 4342 §4
1940 4274 2094 4332 Quod
2117 4281 2289 4326 sulem
2325 4280 2338 4301 ⁴
2367 4280 2477 4320 ten·
