2934 4925
467 365 641 433 7968

1165 378 1386 429 NOTAE
1436 377 1781 428 vAmoRu
1794 379 1845 426 M
1896 380 1980 428 IN

464 531 515 575 3.
550 533 566 555 ‘
590 522 743 578 Quod
768 521 909 574 facta
928 522 1083 574 dictis
1105 530 1228 573 sunt
1250 536 1529 589 exequan-
1603 532 1796 580 essent,
1818 523 2098 573 retulisse.’

465 603 532 650 da
553 599 595 650 ι’
628 600 746 650 vide
772 601 841 650 ibi
866 599 1071 650 Bivium
1097 608 1151 649 et
1177 599 1455 659 Wassium‚
1475 607 1532 649 et

370 710 378 718 ·
468 679 689 729 Cet-dam
735 677 799 727 ad
846 677 1035 741 virgil.
1077 675 1277 726 AEneid.
1321 690 1383 727 n.
1418 680 1533 727 362.

464 756 602 807 ΒιιΙε.
672 754 902 804 Oratione
921 754 1194 819 magnifica,
1216 753 1403 803 omissa
1424 767 1532 803 me·

471 833 557 884 dia
579 848 731 895 voce,
750 831 903 882 Leid.
926 836 973 881 1.
1006 832 1218 882 eratione
1237 836 1284 881 et
1313 830 1533 895 magnifi-

351 900 359 912 “
465 910 624 961 centia
648 909 788 960 Har.
823 907 1031 959 Deinde
1052 913 1362 958 merset
1384 905 1534 956 Leid.

469 991 517 1036 1.
549 985 756 1035 Similes
778 998 981 1034 errores
1015 985 1068 1032 iu
1101 984 1234 1034 Mss.
1258 982 1531 1033 admodum

464 1061 768 1127 frequentes
789 1066 928 1112 sunt.
964 1061 1049 1109 De
1065 1059 1126 1108 iis
1141 1059 1258 1108 vide
1274 1057 1339 1109 ad
1359 1070 1531 1108 xxm.

464 1141 548 1188 29.
568 1140 701 1203 §la
731 1137 919 1186 Paullo
938 1135 1295 1195 antesastidio,
1316 1148 1413 1197 pro
1425 1134 1533 1196 sos

468 1215 610 1277 ligio,
627 1216 815 1264 ..διον

468 1324 474 1333 -
533 1292 761 1340 Nudosse
791 1294 957 1353 pectes
996 1289 1186 1352 insigne
1215 1248 1533 1338 'deutrieibm

467 1368 584 1417 bello
606 1366 811 1426 triginta
832 1365 986 1414 tribas
1005 1362 1233 1428 acceptis]
1269 1363 1354 1413 Ita
1378 1363 1531 1428 pleri·

466 1455 569 1507 que
592 1439 785 1490 babent
801 1440 954 1490 codd.
1000 1438 1108 1488 Alii
1130 1452 1396 1488 nnmerum
1420 1452 1532 1487 sus·

467 1517 719 1572 tulerunt,
746 1522 1007 1579 tamquam
1043 1529 1110 1564 ex
1143 1513 1320 1564 Plinio
1353 1513 1532 1562 subdi-

465 1593 660 1655 titium,
680 1592 817 1658 quod
858 1607 953 1652 rgo
991 1605 1093 1640 nou
1126 1588 1320 1640 credo:
1356 1602 1534 1654 quam-

468 1686 621 1735 quam
661 1677 922 1732 neutrum,
958 1683 1053 1718 cur
1086 1669 1172 1718 vel
1214 1681 1416 1730 negem,
1449 1666 1534 1715 vel

467 1747 736 1807 affirmem,
766 1752 845 1796 sat
884 1746 1067 1795 babeo.
1133 1746 1393 1795 Caeterum
1436 1756 1536 1793 nec

466 1839 583 1875 cum
602 1824 776 1874 Plinio
795 1838 891 1873 nec
910 1837 1027 1873 cum
1044 1821 1296 1873 Cicerone
1309 1821 1363 1893 in
1381 1821 1536 1870 Man·

467 1900 528 1949 lii
556 1899 704 1949 donis
728 1899 907 1949 Livius
931 1897 1095 1963 probe
1125 1897 1401 1958 convenit,
1441 1895 1535 1946 sed

466 1990 571 2025 non
596 1975 646 2024 in
671 1976 766 2024 hoc
790 1975 971 2036 solum,
992 1976 1056 2025 de
1078 1976 1315 2024 Dentato
1339 1989 1401 2023 ac
1421 1973 1535 2022 aliis

464 2050 601 2101 idem
633 2050 847 2113 accidit.
904 2051 1046 2100 θίαν.
1113 2051 1286 2101 Voces
1327 2049 1536 2112 triginta

464 2127 634 2189 tribas,
654 2128 779 2176 licet
818 2127 1110 2176 Glareanus
1132 2125 1184 2175 id
1207 2141 1310 2177 nou
1335 2125 1539 2188 credat,

465 2203 672 2267 omnino
715 2201 1075 2266 subposititias
1127 2216 1255 2264 esse,
1289 2202 1537 2252 evincunt

466 2279 622 2328 codd.
659 2279 845 2343 quibus
888 2293 1010 2328 usus
1046 2293 1197 2340 sunu
1230 2280 1284 2328 in
1316 2294 1535 2344 qnorum

465 2355 610 2404 nullo
629 2369 717 2403 eas
735 2355 930 2404 inveni.
997 2356 1184 2418 Neque
1208 2363 1417 2405 exstant
1435 2356 1535 2409 eti-

464 2445 545 2479 am
593 2431 644 2480 in
685 2432 907 2493 excusis,
954 2431 1055 2481 nisi
1097 2432 1148 2481 iu
1194 2430 1533 2482 Ascensianis

466 2511 613 2556 1513.
628 2510 773 2556 1516.
791 2514 847 2555 et
862 2505 1105 2556 Parisina
1122 2510 1266 2557 1529.
1279 2522 1407 2571 quos
1426 2509 1534 2572 ple·

464 2597 741 2648 torumque
778 2583 1017 2633 codicum
1057 2583 1264 2633 nomine
1299 2583 1535 2634 indicare

467 2658 649 2710 debuit
666 2658 977 2716 Glareanus,
1001 2674 1156 2724 quum
1176 2664 1352 2709 tamen
1379 2661 1535 2723 louge

466 2736 641 2799 plnres
661 2742 950 2790 exstarent,
972 2749 1074 2799 quo
1101 2741 1336 2802 tempore
1370 2735 1410 2784 is
1444 2734 1536 2784 ad-

464 2812 761 2864 notationes
780 2814 832 2862 in
858 2812 1060 2861 Livium
1102 2811 1306 2875 ederet,
1347 2812 1398 2860 in
1423 2811 1536 2876 qui·

469 2888 565 2937 bus
595 2902 697 2938 non
723 2888 1099 2938 invenirentur.
1166 2888 1411 2939 Ceterum
1435 2887 1535 2940 As-

466 2965 687 3021 censius,
712 2965 820 3013 sive
855 2964 1167 3028 quicumque
1201 2964 1411 3026 triginta
1448 2965 1535 3014 tri·

467 3040 553 3090 bus
564 3041 833 3092 contextui
854 3040 1072 3090 Liviano
1087 3040 1307 3102 addidit,
1324 3050 1536 3093 secutus

464 3126 547 3168 est
568 3119 833 3182 vulgatam
859 3119 1016 3168 Plinii
1041 3120 1331 3178 lectionem,
1356 3121 1406 3170 in
1432 3136 1536 3185 quo

466 3199 609 3243 recte
635 3194 933 3243 Harduinus
963 3208 1067 3245 vn.
1092 3201 1173 3247 28.
1196 3212 1260 3245 ex
1299 3198 1535 3247 omnibus

464 3267 592 3319 Mss.
611 3270 668 3318 X
668 3269 834 3320 XIII.
855 3270 1117 3327 cicatrices,
1143 3287 1235 3335 pro
1252 3274 1535 3325 XXXIII.

466 3345 732 3407 cicatrices,
746 3346 993 3395 restituit.
1058 3347 1257 3397 Eodem
1280 3349 1417 3398 enim
1440 3364 1532 3399 nu·

465 3434 610 3470 mero
642 3426 851 3470 servato
893 3420 1013 3470 olim
1050 3435 1256 3486 semper
1278 3423 1329 3471 in
1353 3423 1533 3475 Aurei.

463 3501 607 3551 Vict.
645 3499 712 3549 de
752 3500 866 3549 Vir.
901 3500 1117 3552 lulum.
1154 3506 1303 3552 c.24.
1333 3502 1531 3552 editum

457 3582 542 3632 ‘est
568 3584 585 3608 ‘
602 3575 801 3640 Viginti
818 3581 921 3626 tres
945 3576 1220 3628 cicatrices
1242 3578 1293 3627 in
1315 3588 1532 3642 pectore

464 3652 688 3715 habuit,'
708 3654 1013 3717 usquedum
1050 3655 1300 3714 Schottus
1335 3670 1401 3705 ex
1427 3657 1533 3706 Pli-

462 3730 551 3779 nio
587 3730 792 3791 triginta
826 3734 925 3780 tres
958 3731 1317 3782 substitueret.
1385 3734 1533 3785 Prae-

463 3813 609 3857 terea
629 3806 930 3857 cicatricibus
951 3808 1002 3858 in
1024 3808 1141 3857 bello
1164 3809 1369 3873 acceptis
1393 3808 1534 3859 Hav.

463 3883 569 3933 Sed
610 3882 822 3933 frustra.
888 3884 1055 3948 Supra
1092 3885 1189 3934 hoc
1231 3885 1324 3934 lib.
1363 3900 1409 3935 c.
1450 3890 1530 3937 14.

462 3965 479 3988 ‘
498 3960 569 4008 Et
591 3960 703 4022 ipse
737 3959 1014 4009 tumultum
1045 3960 1291 4024 augebat,
1324 3961 1531 4011 cicatri-

463 4048 551 4084 ces
584 4041 828 4097 acceptas
868 4034 1097 4100 Veienti,
1131 4035 1355 4098 Gallico,
1388 4038 1530 4086 aliis-

465 4123 565 4173 que
588 4107 835 4171 deinceps
858 4108 1007 4160 bellis
1029 4112 1341 4162 ostentans.'
1379 4111 1528 4163 Infra

465 4199 594 4237 va.
618 4190 699 4235 39.
732 4188 748 4215 ‘
771 4186 821 4236 N
827 4185 1012 4237 udasse
1027 4186 1215 4237 deinde
1238 4203 1297 4238 se
1319 4189 1526 4250 dicitur,

461 4271 535 4321 et,
556 4276 658 4328 quo
672 4276 889 4329 quaeque
908 4262 1045 4315 bello
1070 4266 1284 4318 vulnera
1304 4274 1528 4332 accepta

1608 624 1615 629 ·
1669 602 1753 665 §9
1788 600 2133 663 Precetumqsoe
2165 598 2289 662 esse]
2345 598 2432 648 Ita
2481 595 2666 661 praefe-

1606 682 1727 726 runt
1749 677 1892 727 Flor.
1916 675 2066 726 Leid.
2096 682 2336 740 uterque,
2360 676 2495 723 Lov.
2520 673 2669 738 quin-

1606 767 1728 817 que,
1774 751 1922 801 Harl.
1960 758 2201 817 uterque,
2246 753 2402 802 Port.
2447 750 2666 800 Gaertn.

1607 829 1746 879 Hav.
1766 825 1954 893 fragm.
1975 829 2114 879 Hav.
2145 829 2363 879 Hearnii
2403 828 2583 878 Oxon.
2606 828 2666 876 1..

1605 908 1657 955 2.
1695 905 1758 954 Β.
1779 905 1840 954 C.
1904 905 2174 969 Excerpta
2195 904 2339 954 Pitb.
2362 912 2418 954 et
2443 902 2668 966 Neapol.

1608 981 1819 1030 Latinii.
1873 982 1953 1031 Ex
1979 982 2132 1032 Voss.
2154 989 2326 1031 autem
2347 989 2572 1043 utroque
2595 978 2668 1027 ni·

1607 1057 1758 1107 bilin
1798 1059 2068 1121 excerptis
2102 1057 2404 1108 adnotatum
2445 1057 2670 1119 invenio,

1606 1142 1667 1186 nt
1715 1141 2027 1199 precatusque
2075 1135 2317 1185 babuisse
2373 1133 2671 1194 videantur,

1607 1211 2040 1275 quemadmodum
2081 1217 2198 1260 erat
2230 1210 2284 1259 in
2307 1208 2394 1261 ed.
2426 1223 2546 1258 cum
2567 1222 2672 1273 qna

1608 1286 1866 1336 commissi
1891 1293 2032 1338 sunt.
2066 1287 2135 1336 Et
2159 1287 2236 1336 ita
2253 1286 2530 1349 legendum
2556 1296 2670 1334 esse

1607 1362 1857 1412 Rhenano
1895 1362 1959 1411 ad
1991 1365 2020 1427 ς
2055 1376 2215 1427 praec.
2257 1363 2426 1412 visum
2463 1360 2672 1422 fuerat3

1603 1444 1934 1502 precemurque
1969 1438 2105 1487 enim
2141 1452 2208 1487 ex
2244 1452 2328 1492 eo.
2365 1436 2502 1501 quod
2534 1451 2672 1501 prn-

1609 1514 1789 1575 cessit,
1809 1514 1827 1542 ‘
1844 1512 2074 1576 dicitur,’
2105 1513 2337 1577 pendere
2364 1526 2471 1562 non
2498 1522 2671 1576 posse.

1608 1588 1854 1639 Addebat
1880 1588 2110 1653 insuper,
2141 1588 2297 1652 forte,
2334 1590 2377 1638 si
2400 1589 2695 1652 vulgatum,

1609 1666 1916 1716 servandum
1934 1667 2024 1730 sit,
2042 1665 2182 1716 aliud
2201 1667 2438 1729 verbum,
2453 1666 2471 1694 ‘
2490 1665 2673 1728 aiunt,'

1606 1743 1623 1770 ‘
1646 1741 1858 1806 ferunt,’
1879 1743 1960 1791 vel
1990 1743 2157 1792 simile
2181 1743 2246 1793 ad
2269 1743 2394 1793 illud
2419 1742 2672 1792 subintel-

1606 1818 1875 1881 ligendum
1897 1832 2031 1870 esse.
2066 1819 2184 1872 Quo
2207 1820 2373 1869 miuus
2395 1818 2536 1868 enim
2555 1820 2571 1847 ⁶
2593 1817 2673 1869 di-

1610 1893 1747 1943 citnr
1790 1901 2063 1958 precatum
2109 1895 2253 1946 esse’
2297 1895 2480 1945 eodem
2520 1895 2672 1945 modo

1610 1970 1779 2034 accipi
1792 1970 1987 2035 possit,
2009 1985 2109 2035 quo
2131 1971 2317 2020 similia
2340 1972 2457 2033 alia,
2479 1970 2546 2019 de
2561 1971 2671 2036 qui·

1609 2046 1705 2098 bus
1744 2050 1827 2112 egi
1855 2048 1919 2098 ad
1951 2063 1991 2098 1.
2031 2053 2112 2098 ³1.
2148 2051 2177 2113 §
2210 2052 2262 2098 8.
2302 2048 2429 2098 illud
2462 2048 2671 2110 eobstat,

1611 2125 1748 2191 quod
1769 2127 2096 2190 precesserit
2109 2125 2125 2153 ‘
2139 2132 2379 2189 spectans
2390 2123 2425 2186 ς’
2448 2125 2522 2173 ita
2534 2124 2670 2173 enim

1610 2201 1767 2255 etiam
1822 2206 2109 2266 spectantem
2163 2200 2266 2251 dici
2339 2201 2675 2264 oportuisset.

1611 2278 1798 2328 Paullo
1819 2285 1939 2328 ante
1961 2278 2184 2342 Deosque
2199 2278 2310 2336 ulio,
2332 2292 2429 2342 pro
2450 2278 2523 2327 D.
2536 2279 2673 2342 alios,

1610 2362 1724 2405 erat
1749 2355 1801 2404 in
1825 2356 1979 2405 Voss.
1999 2359 2050 2404 2.
2432 2380 2441 2391 ,

1606 2467 1615 2478 .
1677 2434 1832 2492 Quam
1849 2437 2049 2484 mentem
2069 2431 2163 2483 sibi
2183 2390 2510 2498 Copitolinam
2521 2447 2671 2484 urcem

1605 2510 1898 2575 protegenti]
1919 2511 2258 2573 Protegentem
2279 2512 2434 2560 Port.
2458 2517 2514 2560 et
2536 2509 2671 2560 Har.

1606 2594 1668 2636 nt
1705 2585 1964 2637 referatur
2005 2586 2069 2637 ad
2107 2586 2416 2650 praecedens
2454 2592 2669 2637 meatem.

1607 2661 1724 2712 Nisi
1745 2661 1884 2712 forte
1906 2662 2168 2725 librarius,
2198 2668 2531 2726 protegentem
2551 2661 2670 2713 scri-

1607 2738 1755 2797 bens,
1795 2738 2032 2788 eumdem
2063 2752 2294 2788 errorem
2334 2738 2670 2795 commiserit.

1608 2828 1758 2879 quem
1773 2814 1884 2877 jam
1908 2814 2085 2863 notavi
2108 2814 2202 2864 hoc
2226 2816 2316 2865 lib.
2341 2814 2408 2863 ad
2432 2829 2482 2864 c.
2504 2818 2553 2863 3.
2576 2818 2604 2879 §
2627 2818 2670 2863 8.

1607 2888 1702 2939 sed
1736 2891 2012 2952 protegendi
2046 2897 2132 2941 est
2156 2891 2207 2940 iu
2239 2889 2391 2940 Leid.
2431 2898 2670 2955 utroque,

1605 2971 1735 3020 Lov.
1756 2973 1805 3019 1.
1827 2974 1878 3021 2.
1899 2973 1948 3019 3.
1984 2969 2207 3020 Gaertn.
2241 2976 2296 3017 et
2317 2967 2508 3032 fragm.
2533 2966 2670 3018 I-lar.

1608 3047 1825 3110 Verum,
1870 3060 1938 3095 ex
1970 3046 2160 3100 .minus
2205 3045 2455 3094 distincte
2511 3045 2668 3095 verba

1608 3122 1890 3186 praeeuntia
1933 3120 2362 3184 pronunciatione
2397 3120 2532 3170 banc
2564 3121 2666 3170 lec·

1608 3198 1764 3248 tionis
1788 3198 2092 3248 varietatem
2117 3204 2289 3246 natam
2325 3211 2457 3259 esse,
2494 3197 2667 3247 existi·

1606 3290 1709 3325 mo.
1776 3274 2023 3339 Ejusdem
2069 3274 2253 3324 erroris
2291 3274 2393 3322 alia
2429 3276 2666 3339 exempla

1605 3351 1726 3402 vide
1764 3350 1829 3400 ad
1867 3364 1971 3401 vu.
1994 3354 2074 3401 16.
2107 3354 2208 3417 53.
2276 3350 2381 3401 Hic
2404 3350 2659 3404 nibilmu-

1608 3427 1822 3478 tandum
1846 3434 1993 3491 puto.

1675 3504 1794 3553 Eam
1825 3506 1993 3567 populo
2037 3503 2249 3554 Romano
2291 3504 2347 3553 in
2382 3517 2468 3553 ειιο
2492 3505 2657 3555 discri-

1602 3580 1729 3629 mine
1763 3579 1958 3641 dorent]
1990 3579 2114 3627 Eam
2137 3581 2305 3642 populo
2339 3581 2461 3632 PR.
2498 3582 2552 3631 in
2584 3597 2663 3631 sao

1604 3654 1944 3707 Leid.1.1d
1967 3655 2208 3705 vitiosum
2242 3657 2483 3708 videntes
2517 3672 2663 3707 nasu-

1597 3734 1783 3795 .tiores,
1826 3732 1913 3794 qui
1954 3732 2005 3780 in
2048 3732 2240 3781 similes
2274 3731 2429 3783 codd.
2473 3735 2663 3802 incide·

1596 3816 1743 3872 rant,
1766 3807 2024 3858 dederunt
2043 3822 2146 3856 eam
2158 3823 2266 3871 pop.
2283 3810 2426 3860 Rom.
2438 3810 2663 3874 presenti

1600 3886 1652 3934 ιἰι
1673 3900 1756 3934 suo
1778 3883 2069 3942 discrimine,
2092 3885 2347 3947 quomodo
2368 3885 2660 3949 praeferunt

1603 3960 1755 4010 Harl.
1776 3964 1828 4009 2.
1859 3960 2023 4032 Ροιζι.
2050 3957 2270 4010 Gnerin.
2307 3968 2365 4011 et
2403 3963 2543 4012 Har.
2583 3963 2660 4013 vel

1600 4052 1701 4087 eam
1732 4052 1842 4101 pop.
1877 4037 2018 4086 Rom.
2047 4035 2098 4085 in
2124 4040 2356 4099 proesenti
2382 4040 2660 4089 suediscri·

1599 4114 1743 4174 mine,
1767 4121 1825 4162 ut
1846 4110 2041 4160 habent
2064 4110 2288 4161 Hearnii
2312 4112 2488 4164 Oxou.
2515 4114 2583 4164 N.
2605 4120 2658 4164 et

1598 4187 1826 4250 Neapol.
1841 4186 2052 4235 Latinii.
2095 4186 2223 4248 Sed,
2244 4201 2424 4238 vocem
2441 4192 2659 4253 prasenti

1598 4280 1629 4315 a
1652 4265 1789 4316 mala
1810 4278 1967 4316 manu
1989 4266 2309 4334 essegnullus
2330 4265 2554 4336 dubito.-
