2934 4925
477 416 650 485 7646

477 579 704 645 publicae
725 580 744 628 ?
807 580 934 630 Tum
955 594 986 628 a
1011 578 1223 628 Romano
1241 579 1408 642 popqu
1429 592 1535 628 om·

477 672 569 708 nes
597 657 770 706 excusi
796 671 955 721 usque
978 656 1040 705 ad
1057 655 1177 706 Jac.
1193 654 1535 727 Gronoviurn,

477 734 565 799 qui
592 733 917 798 transpositis
941 732 1153 783 vocibus
1182 747 1212 782 a
1244 733 1413 796 populo
1436 732 1533 780 Ro·

472 825 613 860 mano
667 809 831 869 dedit,
886 808 1314 875 quemadmodum
1374 809 1532 857 etiam

475 884 762 950 preferunt
800 885 953 936 codd.
978 900 1105 950 quos
1142 886 1264 950 vidi,
1287 886 1367 934 vel
1409 900 1533 948 quo-

475 974 586 1010 rum
611 963 872 1026 excerptis
908 977 1030 1011 usus
1058 977 1186 1011 sum.
1250 961 1388 1011 Vide
1411 977 1533 1012 mox

474 1039 538 1089 ad
562 1040 715 1104 §seq.

539 1117 626 1180 §9
662 1117 907 1167 Adversus
946 1130 1052 1179 ‹1¹1oe
1092 1130 1233 1179 qaam
1280 1115 1533 1178 optimates

469 1193 543 1242 ita
585 1194 854 1258 tenderent]
903 1193 1105 1243 Vocula
1145 1193 1219 1240 ita
1258 1192 1432 1242 deficit
1478 1194 1528 1242 iu

472 1269 601 1318 ιον.
624 1274 674 1317 5.
742 1268 865 1333 Sed,
903 1283 967 1319 ea
1004 1267 1332 1332 transposita,
1369 1272 1529 1319 teude-

469 1350 579 1395 rent
603 1346 675 1395 ita
695 1353 776 1395 est
799 1346 850 1394 in
869 1344 1016 1394 Voss,
1034 1348 1081 1392 1.
1106 1344 1250 1394 Leid.
1264 1349 1313 1394 2.
1331 1353 1385 1394 et
1402 1347 1529 1396 Lov-

471 1424 520 1472 1.
588 1421 861 1471 Praeterea
883 1421 1122 1471 Adversus
1153 1435 1256 1486 quoe
1297 1427 1399 1471 tum
1430 1430 1528 1486 opt.

418 1495 425 1503 '
468 1499 542 1547 ito
563 1500 752 1548 tendere
775 1497 921 1547 Port.
941 1505 995 1547 et
1012 1498 1147 1549 HaV.
1215 1498 1347 1549 Quae
1369 1500 1528 1549 lectio

471 1572 599 1623 ferri
636 1583 829 1638 posset,
866 1574 909 1623 si
954 1575 1163 1639 optimae
1200 1583 1338 1625 notae
1374 1575 1529 1626 codd.

470 1654 842 1703 consentirent.
912 1653 1066 1702 Nunc
1100 1667 1223 1702 vero
1266 1653 1527 1717 vulgatam

469 1731 782 1795 scripturam
844 1729 1087 1793 praefero.
1176 1730 1349 1785 Quum,
1415 1731 1528 1780 sive

468 1823 596 1870 cum,
619 1814 674 1857 et
696 1813 798 1857 tum
822 1821 963 1870 saepe
995 1815 1394 1856 commutantur.
1437 1808 1544 1857 Vin

467 1885 536 1934 de
571 1883 638 1934 ad
676 1884 820 1948 Epit.
864 1884 976 1934 Liv.
1012 1884 1103 1932 lib.
1145 1896 1345 1934 xavnr.
1389 1885 1528 1933 circa

463 1959 641 2011 finem.
692 1961 820 2010 Duae
846 1967 1020 2010 autem
1042 1961 1209 2010 literas
1231 1959 1413 2009 finales
1436 1975 1527 2009 vo·

464 2040 541 2088 cis
574 2042 816 2089 tenderent
851 2041 1156 2102 interceptas
1191 2044 1311 2086 sunt
1341 2051 1370 2086 a
1399 2051 1526 2087 voce

464 2128 578 2177 seq.
618 2119 675 2164 ut
724 2106 790 2164 ob
834 2114 1215 2164 similitudinem
1257 2112 1528 2176 ductuum,

466 2190 762 2253 praesertim
795 2190 847 2239 in
882 2189 1141 2252 scriptura
1174 2182 1524 2252 Lougobardi-

465 2281 549 2316 ca.
615 2266 700 2317 Ita
722 2274 902 2316 contra
924 2272 976 2315 at
1006 2265 1313 2315 absorbetur
1345 2280 1375 2314 a
1409 2266 1525 2315 lite-

466 2346 539 2393 ris
582 2343 822 2393 finalibus
866 2348 920 2392 nt
965 2344 1105 2392 vocis
1162 2342 1527 2406 praecedentis.

465 2419 605 2470 Vide
641 2419 704 2469 ad
744 2432 965 2471 xxxva.
994 2424 1076 2471 24.
1110 2423 1240 2486 §lm
1274 2423 1524 2472 contende·

461 2503 572 2546 rent
593 2497 723 2562 legit
746 2498 873 2546 Lov-
893 2501 941 2547 2.
967 2496 1104 2559 quod
1140 2511 1203 2545 ex
1241 2498 1410 2559 glossa
1432 2513 1523 2547 na·

460 2582 574 2622 tum
602 2581 745 2637 puto.
811 2574 896 2623 Ita
920 2574 1073 2623 etiam
1098 2573 1413 2638 peccabatur
1444 2588 1523 2624 tv.

458 2653 511 2698 ¹1.
551 2650 652 2713 §8.
720 2648 1020 2699 ‘Tendere’
1054 2656 1229 2699 autem
1271 2664 1366 2712 pro
1401 2665 1523 2700 con-

463 2726 683 2776 tendere
730 2727 853 2791 poni
896 2726 1183 2778 videbimus
1224 2729 1291 2777 ad
1335 2720 1524 2779 111711.

458 2806 544 2852 82.
568 2805 664 2868 §⁶7.
714 2804 1421 2869 Ceterum,quemadmodum
1441 2806 1526 2855 liic

454 2879 604 2929 'locus
627 2879 886 2930 coliaereat
910 2895 1025 2930 cum
1046 2895 1191 2945 seqq.
1216 2881 1412 2945 optime
1432 2880 1524 2929 de·

456 2958 772 3008 monstravit
807 2958 1103 3008 Gronovius
1138 2958 1203 3007 ad
1248 2971 1397 3008 κων.
1440 2961 1524 3007 40.

461 3035 490 3098 §
513 3038 563 3083 2.

535 3112 606 3160 Ut
648 3113 903 3162 morituros
943 3128 995 3162 se
1035 3114 1180 3164 citius
1220 3114 1431 3163 dicerent
1470 3112 1525 3161 in

457 3192 700 3251 conspectu
716 3189 878 3252 populi
894 3189 1121 3253 Romi]
1154 3188 1398 3253 Quinque
1417 3189 1521 3252 pri·

460 3278 553 3312 ora
610 3264 858 3314 vocabula
915 3265 1155 3314 exsulant
1205 3278 1234 3313 s
1285 3264 1434 3314 Voss.
1470 3269 1523 3314 2.

457 3339 594 3387 Tum
618 3339 670 3387 in
692 3355 818 3389 cons.
838 3338 927 3389 1³6·
963 3341 1029 3391 R.
1065 3339 1279 3404 prefert
1302 3341 1448 3391 Leid.
1476 3346 1521 3390 1.

456 3414 511 3463 in
535 3420 828 3479 conspectum
849 3416 991 3465 Rom.
1021 3432 1129 3481 pop.
1151 3424 1372 3467 vetustae
1397 3418 1518 3467 edd.

452 3503 622 3553 ‘usque
656 3491 720 3541 ad
743 3492 953 3546 Aldum.
981 3494 1067 3555 qui
1107 3492 1289 3543 ordine
1318 3501 1518 3545 mutato

451 3569 613 3632 populi
636 3569 841 3618 Romani
875 3569 1162 3627 substituit,
1194 3571 1517 3620 consentien-

452 3646 599 3696 tibus
633 3647 869 3695 omnibus
904 3646 1126 3709 scriptis.
1192 3646 1328 3695 Vide
1362 3647 1424 3695 ad
1458 3660 1516 3696 x.

456 3725 536 3770 16.
562 3724 655 3786 §a
680 3730 737 3772 et
755 3737 872 3771 mox
890 3722 955 3771 sd
979 3724 1178 3787 §praem
1243 3722 1519 3773 Praeterea

454 3799 616 3862 quidq.
650 3813 811 3848 earum
841 3813 1001 3848 rerum
1033 3803 1316 3861 rogarentur
1355 3800 1515 3853 Voss.

456 3880 508 3925 2.
532 3881 587 3924 et
612 3876 738 3926 Lov.
762 3880 811 3925 Β.
877 3875 980 3924 Sed
1015 3885 1194 3926 auctor
1228 3875 1375 3939 hujus
1408 3877 1515 3926 lec·

454 3951 613 4001 tionis
649 3966 749 4001 non
782 3952 1059 4002 adsecutus
1083 3958 1166 4001 est
1188 3952 1326 4001 illam
1358 3954 1515 4017 signi-

452 4024 746 4076 ficationem
792 4027 935 4084 verbi
970 4026 1224 4089 ‘rogare‚'
1269 4043 1385 4093 quae
1430 4036 1514 4080 est

452 4103 601 4167 hujus
626 4102 742 4152 loci.
810 4102 1032 4153 Ponitur
1061 4102 1195 4152 enim
1218 4103 1303 4153 liic
1325 4105 1512 4155 eodem

452 4196 623 4239 sensu,
646 4196 744 4244 quo
767 4189 782 4211 ‘
800 4195 983 4245 rogare
1005 4181 1378 4243 magistratus?
1399 4189 1416 4213 ‘
1431 4198 1511 4231 ro·

450 4261 579 4320 'gare
632 4257 835 4321 legem,’
879 4260 1100 4321 ‘rogare
1160 4258 1516 4322 provinciam!

450 4332 693 4385 Indicant
711 4333 874 4400 igitur
886 4334 1183 4400 optimates,
1201 4350 1257 4387 se
1274 4350 1376 4390 non
1393 4350 1512 4403 per-

1163 420 1382 483 No‘rAE
1432 430 1842 486 vAmonuM
1893 424 2008 484 ‘1N‘

1611 580 1874 640 missuros,
1907 586 1967 630 ut
2001 579 2067 631 de
2091 595 2346 647 quoquam
2380 595 2557 631 esrum
2594 594 2673 630 re·

1611 669 1721 704 rum
1746 657 1831 705 lex
1855 655 2100 714 ferretur,
2123 667 2213 708 aut
2239 660 2456 722 populus
2488 656 2671 708 suffra-

1609 731 1747 795 gium
1799 731 1975 782 iniret.
2059 734 2188 783 Mox
2235 735 2335 784 hoc
2389 748 2507 797 cap.
2558 748 2671 798 seq.

1608 807 1695 855 ‘'1'.
1717 807 1964 857 Sicinium
1988 807 2059 873 (is
2077 808 2210 858 enim
2233 822 2297 858 ex
2322 808 2539 858 tribunis
2560 810 2671 873 ple·

1607 882 1687 932 bis
1712 885 1997 947 rogationis
2020 885 2134 950 ejus
2157 887 2293 936 lator
2313 884 2453 950 erat)
2488 885 2671 935 condi·

1608 966 1773 1010 torem
1798 961 1957 1011 Veios
1980 962 2305 1027 sequantur!

1671 1039 1699 1102 ξ
1726 1042 1787 1087 10
1821 1038 1967 1087 Naue
1992 1039 2044 1087 in
2074 1054 2168 1089 aaa
2197 1039 2327 1089 Urbe
2361 1044 2546 1088 tantum
2566 1040 2669 1087 dis-

1601 1116 1870 1164 sensiovium
1906 1131 2023 1177 esse,
2043 1118 2159 1180 quid
2189 1117 2241 1166 in
2263 1116 2446 1166 duabus
2475 1116 2673 1165 urbibus

1588 1188 1727 1252 sore]
1763 1191 1908 1254 Lego
1929 1208 1991 1241 ex
2017 1192 2181 1242 tribus
2226 1193 2353 1243 Mss.
2386 1193 2521 1243 Psll.
2553 1194 2671 1256 quid

1602 1266 1655 1315 in
1690 1267 1868 1316 duabus
1898 1267 2043 1327 sore?
2084 1283 2303 1319 excusso
2339 1270 2415 1330 τᾷ
2454 1268 2667 1318 urbibus.

1604 1343 1775 1393 Gema.
1845 1346 2144 1395 Delevimus
2176 1344 2236 1396 τὸ
2270 1346 2464 1396 urbibus
2484 1353 2668 1396 aucto-

1604 1420 1761 1469 ritate
1806 1421 1959 1470 trium
2013 1423 2149 1472 Pau.
2182 1428 2239 1473 'et
2270 1423 2483 1473 alterius
2514 1422 2670 1472 Voss.

1601 1496 1690 1546 Sic
1715 1503 1772 1545 et
1794 1496 2007 1546 inferius
2029 1513 2077 1548 c.
2101 1502 2183 1549 sl.
2220 1504 2236 1529 ‘
2258 1498 2401 1548 Fusis
2429 1498 2667 1547 hostibus

1602 1574 1747 1637 prius
1791 1587 1967 1638 poene,
2000 1589 2155 1641 quam
2198 1589 2378 1625 manus
2420 1588 2667 1624 consere-

1602 1657 1739 1699 rent.
1805 1651 2039 1712 Valerio,
2072 1650 2206 1716 quod
2244 1650 2668 1714 perseverantior

1602 1727 1868 1778 caedendis
1888 1726 2122 1777 hostibus
2143 1727 2196 1775 in
2221 1724 2345 1790 fuga
2368 1716 2467 1775 fuit
2484 1723 2520 1774 ε’
2551 1739 2668 1774 sus-

1605 1804 1815 1853 tulimus
1836 1801 1895 1852 τδ
1916 1805 2146 1866 hostibus,
2168 1804 2306 1868 quod
2332 1800 2572 1865 Sigonius
2594 1817 2667 1851 ex

1602 1894 1697 1929 suo
1725 1879 1925 1942 codice,
1947 1879 2221 1943 superfluis
2254 1880 2564 1944 abundanti,
2586 1880 2668 1928 in-

1602 1962 1855 2006 seruerat.
1916 1957 2110 2020 Scripti
2145 1956 2403 2006 fideliores
2434 1970 2496 2004 ac
2520 1957 2668 2019 prius

1602 2033 1733 2084 editi
1757 2047 1820 2083 eo
1842 2042 2040 2087 carent.
2074 2036 2129 2082 J.
2160 2033 2225 2082 F.
2262 2033 2413 2082 Groui.
2480 2030 2547 2080 Τὸ
2580 2044 2667 2082 ur·

1601 2112 1733 2161 bibus
1765 2121 1976 2163 servant
2009 2114 2148 2162 Flor.
2184 2112 2339 2161 Voss.
2369 2115 2415 2159 1.
2448 2111 2578 2159 Lov.
2615 2114 2665 2160 1.

1601 2195 1658 2237 et
1695 2188 1845 2238 Harl.
1870 2192 1918 2237 1.
1987 2188 2192 2253 Reliqui
2214 2201 2326 2236 eam
2352 2201 2528 2236 vocem
2555 2200 2663 2235 non

1600 2274 1905 2330 agnoscunt.
1971 2267 2048 2316 Ea
2078 2273 2250 2316 sutem
2285 2265 2461 2329 ejecta
2492 2264 2665 2313 simile

1599 2342 1710 2393 fere
1750 2344 1988 2409 loquendi
2014 2358 2175 2407 genus
2200 2349 2300 2404 est,
2323 2349 2481 2405 atque
2509 2341 2663 2404 illudg

1599 2421 1737 2487 quod
1778 2423 1875 2472 viri
1920 2421 2061 2471 docti
2107 2420 2446 2471 restituerunt
2485 2431 2575 2471 111.
2606 2423 2662 2471 9.

1598 2500 1617 2528 ‘
1639 2500 1851 2563 Quippe
1885 2498 2013 2548 duos
2048 2513 2140 2562 pro
2186 2514 2287 2548 uuo
2322 2497 2538 2547 domino
2573 2510 2663 2545 ac-

1598 2583 1781 2639 ceptos
1834 2575 2175 2636 inmoderata,
2231 2572 2434 2624 infinita
2487 2580 2663 2637 potes·

1599 2659 1709 2701 tate
1728 2649 1764 2700 τ’
1796 2650 1882 2700 ubi
1908 2652 2053 2713 plura
2071 2651 2187 2700 vide
2205 2665 2220 2712 ς
2256 2657 2313 2700 ut
2335 2657 2391 2698 et
2409 2648 2472 2697 ad
2490 2662 2555 2699 ιῐ.
2575 2653 2659 2698 80.

1596 2731 1624 2795 ς
1666 2733 1716 2778 4.
1783 2729 1955 2781 Quum
1991 2736 2166 2777 tamen
2199 2726 2382 2790 optimi
2421 2736 2478 2776 et
2525 2728 2661 2777 inte.-

1598 2805 1805 2869 gerrimi
1828 2806 2063 2869 plerique
2087 2803 2243 2854 codd.
2263 2805 2528 2866 vulgatum
2551 2818 2660 2853 ser·

1598 2886 1741 2942 vent,
1765 2880 1946 2933 timide
1970 2888 2170 2930 tanturn
2190 2879 2452 2929 Gronovio
2475 2880 2662 2929 adseri*-

1598 2959 1729 3017 tior3
1764 2971 1949 3021 neque,
1969 2958 2054 3020 qui
2077 2971 2191 3006 earn
2217 2971 2391 3006 vocem
2408 2970 2659 3008 revocan-

1596 3033 1714 3082 dam
1756 3033 2018 3096 censebit,
2073 3031 2266 3083 acriter
2321 3031 2657 3084 adversabor.

1598 3107 1846 3158 Eundem
1870 3116 2045 3157 autem
2069 3121 2246 3158 vocem
2279 3108 2461 3171 paucis
2496 3109 2657 3158 inter-

1584 3185 1743 3249 jectis
1762 3185 1932 3248 repeti
1953 3184 2097 3234 Livio
2114 3183 2371 3235 familiare
2389 3200 2506 3235 esse
2529 3186 2656 3235 vidi·

1595 3261 2057 3325 musad1.8.§9.
2243 3269 2308 3296 ·-
2427 3293 2432 3298 -
2517 3291 2525 3297 -

1667 3336 1912 3387 Victamne
1932 3343 1985 3385 ut
1999 3337 2248 3401 quisquam
2268 3338 2457 3388 victrici
2478 3333 2655 3403 patrio

1590 3412 1868 3478 preferret]
1911 3414 2159 3464 Victame
2180 3414 2425 3478 quisquam
2457 3416 2582 3465 [ον.
2612 3421 2654 3466 1.

1591 3497 1642 3541 2.
1679 3492 1832 3541 Voss.
1855 3496 1903 3541 1.
1937 3499 1994 3540 et
2033 3491 2180 3539 Leid.
2203 3496 2253 3541 2.
2318 3492 2558 3541 Vis-tamve
2597 3508 2655 3544 ne

1590 3568 1742 3630 quisq.
1768 3566 1917 3617 Voss.
1947 3571 1999 3616 2.
2034 3575 2086 3617 et
2121 3568 2248 3617 Lov.
2284 3572 2332 3616 Β.
2409 3570 2656 3620 Via-tamne

1589 3656 1646 3691 ve
1674 3643 1833 3705 quisq.
1867 3643 1993 3691 [ον.
2013 3648 2062 3693 4.
2081 3648 2132 3691 5.
2171 3642 2322 3692 Harl.
2344 3648 2401 3693 2.
2429 3645 2652 3696 Gaertn.

1592 3718 1740 3767 Port.
1775 3719 1910 3768 Hav-
1946 3728 2001 3767 et
2035 3718 2224 3782 fragm.
2269 3721 2405 3770 Hav.
2473 3722 2668 3787 Genus„

1589 3794 1836 3859 loquendi
1876 3795 2178 3847 inlustratur
2210 3797 2275 3846 ad
2312 3811 2390 3849 Ιν.
2423 3803 2472 3852 2.
2507 3803 2536 3865 §
2574 3805 2653 3850 12.

1585 3870 1719 3920 Tum
1740 3874 1872 3935 patri
1893 3879 1940 3922 et
1959 3874 2212 3937 proeserret
2235 3875 2455 3924 Gaertn.

1655 3947 1937 4012 ,sineretque
1972 3950 2192 4011 παύω-επ
2212 3950 2465 4008 fortunam
2500 3954 2654 4017 captis

1587 4039 1689 4075 esse
1738 4023 1890 4089 Veiis,
1933 4040 2071 4090 quan
2122 4026 2432 4075 incolumibus
2460 4028 2648 4094 faerit]

1561 4102 1785 4154 ,Sineres
1804 4118 1984 4167 qaoque
2004 4102 2115 4163 mqi.
2151 4101 2300 4151 Harl.
2323 4107 2373 4152 2.
2406 4103 2558 4153 Port.
2594 4114 2650 4154 et

1583 4179 1726 4229 Hsv.
1794 4180 1930 4229 Vide
1950 4181 2050 4228 hoc
2072 4179 2160 4229 lib.
2187 4178 2253 4228 sd
2275 4193 2322 4229 c.
2344 4182 2426 4228 28.
2449 4182 2477 4245 §
2502 4184 2550 4228 1.
2581 4182 2649 4229 si·

1584 4262 1723 4306 neret
1754 4258 1862 4318 mqy'.
1899 4257 2023 4306 Lov.
2041 4260 2105 4305 ’4.
2167 4255 2302 4306 Tum
2333 4256 2500 4317 mqy'or.
2520 4255 2648 4317 sort.

1584 4333 1761 4398 capitis
1777 4346 1876 4384 esse
1904 4331 2035 4383 Veiis
2055 4330 2189 4381 mate
2211 4330 2359 4381 Leid.
2378 4335 2431 4383 2.
2481 4333 2645 4383 Deio·
