2934 4925
534 366 712 435 *76⁵4

538 524 674 579 Nem
705 524 878 577 umus
899 523 1054 576 estin
1076 523 1230 577 Port.
1280 524 1520 589 regiliani
1539 525 1591 576 ln

538 602 685 653 Leid.
707 606 756 654 2.
807 601 1061 664 targilion
1096 601 1149 650 in
1182 602 1402 652 Gaertn·
1452 601 1591 651 Vide

535 679 602 728 ad
625 692 716 728 ιη.
735 681 782 727 1.
805 679 834 742 ς
855 681 906 727 8.
940 677 1150 728 Deinde
1181 680 1365 729 adom.
1391 678 1592 743 pamba-

533 759 617 804 m
638 755 790 804 Harl.
813 758 863 804 2.
896 762 953 803 et
976 755 1127 806 Port.
1161 755 1357 805 Verum
1392 770 1453 805 ea
1491 770 1590 806 vox

532 830 618 881 bic
651 831 880 895 repetita
917 839 1001 880 est
1033 846 1102 881 ex
1133 833 1367 883 membro
1392 846 1590 897 prece-

533 906 699 956 denti.

591 986 620 1047 §
643 988 676 1032 2
712 985 835 1034 Cant
857 984 1058 1034 Cmillo
1075 985 1224 1035 creati
1248 983 1432 1034 tribuni
1463 984 1590 1034 miu-

524 1065 629 1109 ωσι
650 1061 883 1110 comum
914 1061 1170 1125 potestate]
1223 1062 1305 1111 Ex
1327 1061 1587 1111 sententia

527 1137 810 1196 Perizouii,
829 1138 1069 1201 superius
1090 1137 1356 1201 proposita
1381 1138 1478 1187 lioc
1495 1137 1588 1188 lib.

525 1213 593 1262 ad
626 1228 674 1261 c.
697 1218 743 1264 1.
765 1215 794 1277 ξ
816 1216 866 1262 2.
902 1228 1016 1278 quae
1050 1213 1209 1262 etiam
1240 1213 1410 1262 verior
1440 1213 1587 1261 vide·

525 1298 631 1351 tur,
652 1290 739 1339 hic
760 1290 870 1354 jam
906 1294 987 1338 est
1021 1297 1238 1354 quartus
1267 1289 1473 1339 Camilli
1499 1289 1588 1339 tri·

522 1364 748 1416 bunatus
764 1365 1046 1415 consularis
1063 1364 1343 1415 secundum
1360 1365 1584 1415 Livium.

527 1443 662 1493 Nam
700 1457 764 1491 ex
799 1441 908 1503 ejus
939 1440 1186 1504 opinione
1219 1440 1432 1490 tertium
1469 1454 1584 1503 ges·

524 1518 654 1567 sisse
675 1524 915 1566 narratur
937 1531 982 1565 c.
1010 1521 1090 1566 14.
1111 1516 1201 1566 ubi
1223 1516 1344 1566 vide
1367 1531 1484 1581 quae
1517 1516 1581 1565 ad

522 1595 622 1658 ξε.
655 1599 922 1644 notantur.
989 1593 1234 1642 Ceterum
1265 1598 1374 1643 tres
1406 1600 1581 1656 poste-

518 1671 685 1720 riores
719 1684 873 1719 voces
896 1682 999 1717 non
1028 1667 1283 1732 adparent
1304 1668 1356 1716 in
1381 1669 1509 1718 Lov-
1531 1672 1580 1718 4.

517 1745 649 1801 Mox
672 1746 828 1799 Furio
851 1744 1014 1794 Marci
1050 1757 1347 1806 praenomen
1378 1743 1582 1800 tribuit,

517 1824 734 1887 ejusque
752 1832 1037 1886 cognomen
1066 1820 1361 1871 Medullinus
1381 1822 1581 1872 omittit

517 1899 644 1948 Lov.
666 1904 715 1950 2.
767 1900 1037 1949 Praeterea
1069 1903 1224 1953 sexto,
1249 1910 1344 1960 pro
1370 1902 1578 1961 axium,

513 1984 596 2027 est
619 1979 673 2027 in
699 1977 846 2027 Harl.
869 1983 919 2026 2.
941 1976 1164 2026 Gaertn.
1184 1985 1239 2026 et
1261 1976 1399 2028 Hav.
1442 1975 1579 2024 Vide

514 2052 613 2103 hoc
638 2054 728 2103 lib.
754 2069 803 2103 c·
822 2056 902 2103 16.
927 2055 955 2116 ς
980 2057 1028 2102 1.

579 2128 643 2177 L.
666 2129 882 2180 Valet-nu
901 2127 1163 2190 Publicola,
1177 2126 1262 2190 Sp.
1283 2128 1577 2184 Postumiae,

514 2204 579 2253 P.
606 2206 857 2255 Cornelius
875 2204 1071 2267 iterum]
1103 2205 1396 2254 Pronomen
1419 2205 1575 2254 Vale·

510 2279 575 2329 rii
593 2281 679 2330 hic
700 2281 761 2330 L.
782 2288 897 2342 est3
922 2280 1018 2329 sed
1041 2280 1192 2330 initio
1214 2280 1336 2330 libri
1357 2294 1575 2345 sequen-

511 2356 581 2413 tis
606 2370 654 2405 c.
676 2360 724 2404 1.
747 2371 796 2405 a.
815 2368 1064 2407 cccnxn.
1082 2355 1135 2404 in
1150 2354 1408 2420 plerisque
1421 2354 1575 2405 codd.

508 2431 608 2483 Δκ.
627 2433 836 2495 legitur,
855 2438 911 2481 et
937 2445 987 2483 a.
1005 2443 1305 2484 cccnxvm.
1326 2445 1374 2482 c·
1396 2436 1445 2482 5.
1462 2445 1573 2482 rur-

511 2523 599 2558 sus
619 2510 682 2559 L.
703 2523 805 2559 non
831 2511 896 2560 Δ.
919 2506 1264 2571 habetur,ubi
1281 2508 1492 2558 tertium
1512 2508 1575 2558 fit

510 2584 752 2634 tribunus
776 2584 1016 2635 rnilitum.
1051 2585 1235 2635 Paullo
1258 2592 1429 2634 autem
1454 2590 1575 2649 post

508 2659 648 2708 hunc
670 2662 835 2711 locum
860 2674 906 2711 c.
923 2664 1008 2709 28.
1034 2660 1100 2709 L.
1127 2660 1347 2711 Valerius
1371 2660 1572 2724 legatus

508 2733 749 2798 Delphos
781 2736 1023 2796 mittitur,
1058 2735 1196 2785 haud
1242 2736 1400 2786 dubie
1438 2737 1572 2787 alius

505 2825 539 2859 a
574 2811 800 2862 tribuno.
881 2812 964 2862 De
1007 2812 1072 2861 P.
1108 2812 1354 2862 Cornelio
1409 2813 1572 2877 major

505 2893 587 2935 est
621 2886 1225 2948 dubitatio,‘Cossumue,
1258 2900 1323 2936 an
1365 2885 1569 2951 Scipio·

503 2976 625 3013 nem
666 2964 810 3015 velit.
874 2964 1055 3028 Scipio
1082 2963 1270 3027 prioris
1308 2964 1431 3014 anni
1466 2963 1570 3016 fuit

504 3038 747 3088 tribunus
770 3039 1024 3100 militum3
1066 3039 1152 3089 cni
1173 3039 1217 3088 si
1238 3040 1568 3091 continuatus

504 3113 665 3163 honos
709 3122 867 3174 esset,
901 3114 1078 3162 Livius
1116 3112 1253 3162 forte
1292 3114 1568 3179 inussisset,

504 3201 796 3252 quanquam
819 3187 872 3237 id
892 3188 1169 3254 aliquando
1191 3189 1407 3241 omittit.
1475 3192 1567 3241 Sin

505 3262 697 3311 Cossus
729 3262 848 3325 fuit,
868 3265 982 3327 jam
1010 3264 1092 3313 hic
1127 3279 1228 3314 non
1260 3266 1455 3326 iterum,
1473 3266 1566 3315 sed

501 3343 742 3401 quartum,
791 3347 964 3389 esset:
1008 3338 1231 3403 ideoque
1272 3340 1340 3390 de
1379 3350 1565 3392 neutro

502 3412 782 3477 quicquam
801 3412 1010 3463 definio.
1031 3414 1173 3464 Glur.
1215 3415 1412 3465 Valerii
1429 3431 1566 3481 prm·

502 3503 695 3539 nomeu
739 3488 890 3541 deest
934 3491 988 3539 iu
1029 3491 1396 3541 vetustioribus
1438 3493 1564 3545 edd.

502 3563 708 3620 Primus
733 3564 899 3615 Aldus
929 3567 1130 3630 vulgari
1153 3569 1356 3618 curavit
1376 3568 1439 3619 L.
1470 3568 1567 3619 Vu-

498 3640 665 3704 lenus,
694 3643 830 3707 quod
865 3642 1004 3692 idem
1037 3651 1340 3694 constanter
1373 3643 1564 3709 proefe·

499 3726 625 3767 runt
650 3719 803 3769 codd.
828 3721 947 3783 mei,
970 3726 1025 3770 et
1054 3721 1149 3770 hoc
1179 3721 1314 3785 loco,
1337 3728 1393 3771 et
1414 3736 1492 3772 vr.
1513 3728 1563 3773 5.

501 3800 560 3841 nt
583 3801 766 3843 contra
789 3793 840 3844 iu
861 3796 1120 3859 plerisque
1134 3810 1431 3862 praenomen
1445 3798 1565 3847 Auli

502 3874 582 3917 est
605 3882 682 3921 vt.
707 3875 754 3919 1.
788 3871 1000 3935 Verum,
1035 3872 1104 3923 ibi
1141 3874 1296 3923 etiarn
1329 3873 1403 3936 L„
1423 3874 1562 3925 Vate-

498 3945 625 3993 ήκω
648 3948 998 4009 reponendum
1018 3964 1151 4008 esse,
1172 3950 1466 4000 verisimilis
1482 3958 1564 4002 est

501 4020 804 4082 conjectura
829 4022 1053 4087 sigonii:
1096 4039 1198 4075 non
1222 4027 1374 4079 modo
1406 4028 1562 4092 enim,

500 4102 562 4145 ut
591 4096 851 4156 observat,
888 4100 1006 4150 Auli
1040 4116 1339 4165 praenomen
1362 4105 1560 4158 Valerii

501 4185 603 4221 non
629 4173 894 4236 tuleruut3
935 4190 1109 4225 verum
1139 4179 1312 4234 etiam,
1348 4179 1391 4228 si
1419 4179 1561 4232 forte

500 4248 692 4299 alicubi
727 4251 912 4312 tulisse
946 4253 1290 4319 reperiantur,
1317 4256 1558 4317 Valerius

1226 383 1443 434 1401·AE
1498 381 1735 434 VAmo
1747 382 1905 433 RUM
1956 383 2038 434 11(

1665 523 1740 576 ibi
1776 524 1951 579 ita-nn
1984 524 2222 577 tribunus
2260 525 2482 578 militum
2520 524 2740 580 dieitur.

1666 601 1819 652 Alter
1850 611 2022 653 autem
2059 602 2243 652 eodem
2278 602 2622 667 praenomine,
2651 605 2739 668 qui

1664 678 1900 729 eamdem
1943 678 2249 742 dignitatern
2292 684 2448 727 autea
2486 678 2740 740 obtinuit,

1663 770 1767 806 non
1790 763 2123 806 memoratur.
2186 756 2249 805 L.
2286 756 2504 805 Valerius
2535 763 2739 816 autem,

1664 833 1751 898 qui
1770 847 1820 882 c.
1840 837 1924 883 28.
1945 833 2147 896 legatus
2166 833 2398 895 Delphos
2414 831 2604 881 missus
2622 847 2736 883 esse

1662 909 1878 975 dicitur,
1900 926 1930 958 a
1954 911 2014 961 L.
2037 909 2250 958 Valerio
2269 908 2546 958 Publicola
2570 908 2739 959 tribn-

1661 999 1732 1034 no
1775 985 1996 1034 militum
2040 985 2279 1034 diversus
2324 982 2442 1039 fuit,
2479 990 2542 1032 ut
2587 991 2734 1034 recte

1663 1060 1951 1110 Glareanus
1975 1061 2286 1123 suspicatur.
2352 1059 2630 1108 Plutarch.
2655 1072 2736 1107 re-

1659 1134 1764 1185 fert
1786 1136 1838 1184 in
1871 1136 2091 1186 Camillo
2116 1150 2167 1197 p.
2192 1138 2307 1183 133.
2328 1135 2452 1197 τρεῖς
2471 1132 2647 1197 ἄνδρα,
2680 1135 2734 1182 ἐκ

1658 1214 1755 1261 τῶν
1776 1210 1983 1275 ἀρίστων
2002 1209 2197 1276 θεωροὺς
2216 1211 2411 1260 electos
2438 1224 2580 1260 esse.
2611 1210 2735 1259 -Ve-

1658 1291 1873 1341 risimile
1908 1292 2086 1356 itaque
2126 1288 2203 1346 fit,
2244 1303 2343 1353 per
2373 1287 2436 1336 L.
2483 1287 2733 1338 Valerium

1655 1367 2048 1432 intelligendum
2072 1381 2187 1416 esse
2208 1365 2554 1415 IuValerium
2583 1365 2732 1415 Poti-

1658 1450 1787 1507 tum,
1822 1444 1911 1509 qui
1944 1442 2287 1508 quadriennio
2319 1450 2445 1491 ante
2484 1438 2730 1491 tribunus

1655 1521 1875 1570 militum
1908 1520 2144 1585 quintum
2177 1517 2370 1579 fuerat,
2405 1523 2552 1565 teste
2579 1515 2729 1565 Livio

1654 1596 1754 1646 hoc
1799 1595 1890 1646 lib.
1935 1610 1982 1645 c.
2028 1598 2109 1645 14.
2149 1593 2589 1660 quemadmodum
2636 1606 2730 1656 per

1653 1673 1767 1735 ejus
1789 1674 2016 1736 collegas
2050 1672 2112 1722 L.
2142 1672 2381 1736 Sergium
2405 1677 2460 1720 et
2481 1669 2554 1718 A.
2578 1670 2730 1719 Man-

1651 1746 1778 1795 lium
1801 1746 1875 1795 illi
1892 1746 2234 1809 intelligendi,
2250 1746 2336 1810 qui
2356 1743 2600 1795 eamdem
2619 1745 2730 1808 dig·

1652 1822 1870 1872 uitatem
1887 1824 2110 1872 triennio
2131 1829 2253 1871 ante
2273 1826 2574 1884 gesserunt,
2591 1812 2729 1869 feste

1650 1898 1799 1948 Livio
1817 1913 1863 1949 c.
1888 1902 1971 1948 16.
2005 1899 2270 1947 Praeterea
2283 1895 2729 1960 Publicola,(non,

1649 1980 1710 2023 ut
1733 1974 1963 2023 ultimam
1990 1974 2206 2031 Gruteri
2239 1979 2437 2021 secutae
2461 1972 2727 2022 recentio-

1652 2063 1735 2099 res
1779 2049 1901 2099 edd.
1945 2047 2254 2113 praeferunt,
2295 2047 2595 2112 Poplc'cola‚)
2640 2047 2728 2101 ln·

1649 2123 1777 2175 bent
1798 2139 1976 2175 omnes
1997 2125 2115 2175 libri
2138 2125 2341 2187 scripti,
2361 2139 2490 2189 quos
2507 2132 2726 2174 secutus

1649 2213 1780 2251 sum.
1849 2199 1987 2249 Vide
2021 2207 2197 2250 tamen
2231 2200 2329 2249 hoc
2359 2199 2456 2248 lib.
2488 2198 2560 2249 ad
2598 2213 2646 2248 c.
2674 2202 2723 2247 8.

1650 2276 1678 2339 ς
1702 2279 1752 2325 1.
1818 2277 1950 2325 Tum
1975 2276 2032 2326 S.
2063 2276 2344 2326 Postumius
2364 2275 2520 2328 Port.
2587 2275 2723 2324 Vide

1649 2351 1715 2402 ad
1741 2365 1821 2402 rx.
1845 2358 1891 2403 1.
1912 2354 1941 2417 ξ
1966 2358 2013 2405 1.
2048 2355 2167 2406 Quo
2205 2362 2376 2402 autem
2406 2352 2721 2416 cognomine

1647 2427 1714 2478 P.
1737 2429 2011 2479 Cornelius
2035 2428 2330 2493 adpellatus
2345 2427 2530 2492 fuerit,
2546 2436 2721 2480 utrum

1648 2512 1665 2536 ‘
1680 2506 1975 2570 Scipionis,’
1997 2521 2063 2557 an
2088 2509 2103 2535 ‘
2124 2505 2311 2571 Cossi,'
2333 2506 2592 2557 incertum
2623 2514 2721 2556 est.

1648 2582 1816 2648 AEque
1840 2591 2013 2633 autem
2043 2583 2234 2633 Cossus
2273 2599 2335 2633 ac
2366 2583 2550 2647 Scipio
2587 2597 2721 2633 anno

1648 2659 1814 2724 priori
1837 2659 2157 2710 tribunatum
2179 2659 2403 2723 gessisse
2427 2674 2720 2709 memoran-

1648 2742 1736 2784 tur
1757 2748 1876 2799 cap.
1912 2740 1996 2787 24.
2062 2736 2142 2785 Ex
2168 2750 2229 2785 eo
2248 2736 2407 2799 igitur
2432 2751 2533 2800 pro
2559 2738 2719 2788 Cosso

1646 2810 1840 2860 nullum
1876 2820 2237 2874 argumentum
2276 2813 2389 2876 peti
2423 2819 2625 2876 potest,
2662 2821 2717 2863 ut

1647 2886 1932 2939 Glareanus
1956 2888 2107 2950 fecit,
2141 2888 2278 2954 quod
2314 2881 2564 2939 honorem
2592 2890 2718 2940 Cor·

1645 2963 1783 3013 nelio
1828 2966 2186 3015 continuatum
2231 2979 2347 3014 esse
2394 2963 2578 3015 Livius
2616 2979 2715 3020 non

1643 3044 1915 3089 memoret.
1957 3040 2161 3105 Neque,
2186 3039 2229 3088 si
2250 3041 2265 3066 ⁴
2286 3039 2511 3089 Cossus’
2535 3035 2714 3105 fuerit,

1644 3128 1744 3164 non
1770 3116 1961 3178 iterum,
1985 3117 2076 3164 sed
2098 3119 2320 3178 quartum
2332 3114 2446 3177 jam
2472 3114 2714 3182 tribunus

1644 3187 1746 3239 dici
1770 3191 2062 3240 necessario
2097 3190 2276 3241 debet.
2340 3190 2503 3241 Hunc
2527 3193 2712 3257 magis-

1644 3272 1837 3316 tratum
1867 3266 2074 3331 quidem
2108 3268 2177 3318 P.
2211 3268 2486 3318 Cornelius
2520 3270 2709 3321 Cossus

1646 3334 1933 3393 obtinuisse
1953 3343 2143 3394 dicitur
2175 3357 2254 3393 ιν.
2276 3349 2359 3393 56.
2394 3345 2711 3409 quatuorde-

1641 3418 1742 3468 cim
1764 3419 1908 3469 aunis
1931 3428 2119 3483 autea3
2142 3433 2191 3469 c.
2216 3423 2300 3468 58.
2325 3419 2603 3470 duodecim
2623 3434 2708 3471 an·

1642 3494 1724 3543 nis
1769 3503 1957 3559 antea3
1998 3502 2055 3545 et
2097 3495 2194 3546 hoc
2241 3495 2330 3546 lib.
2364 3512 2414 3546 c.
2449 3501 2536 3548 24.
2573 3512 2706 3549 auno

1641 3572 1876 3640 proximo
1897 3589 1911 3624 :
1937 3580 1992 3622 at
2016 3574 2129 3638 quis
2152 3573 2446 3637 praestabit,
2468 3576 2706 3626 omnibus

1642 3647 1744 3697 illis
1762 3649 1885 3698 locis
1904 3648 2144 3698 eumdem
2169 3652 2233 3701 P.
2255 3651 2560 3701 Cornelium
2585 3652 2708 3703 Cos·

1640 3738 1752 3773 sum
1790 3724 2042 3775 indicari?
2098 3726 2396 3776 Praesertirn
2433 3743 2593 3792 quum
2625 3729 2705 3779 Li-

1640 3800 1752 3852 vius
1773 3802 1915 3851 nullo
1941 3803 2078 3865 loco,
2102 3801 2197 3850 nisi
2219 3802 2322 3863 hic,
2345 3804 2526 3854 iterati
2554 3807 2705 3855 liono-

1637 3878 1707 3929 ris
1729 3886 1904 3930 notam
1928 3878 2210 3928 addiderit.
2263 3879 2424 3944 Quin,
2439 3881 2482 3931 si
2502 3894 2704 3946 semper

1635 3953 1774 4004 idem
1804 3954 2192 4020 intelligendus,
2208 3969 2303 4005 cur
2318 3956 2437 4007 hinc
2455 3958 2704 4008 eximere·

1636 4038 1724 4082 tnr
1745 4034 1761 4061 ‘
1781 4034 1847 4083 P.
1875 4034 2147 4084 Cornelius
2168 4034 2358 4084 Cossus
2373 4034 2392 4081 ἓ
2406 4032 2421 4055 ’
2442 4035 2530 4099 qni
2549 4049 2700 4084 unum

1635 4115 1689 4157 et
1725 4109 1911 4173 viginti
1936 4124 2097 4159 annos
2133 4118 2253 4160 ante
2293 4109 2530 4160 tribunus
2545 4109 2699 4161 fuisse

1633 4183 1825 4238 dicitur
1843 4199 1921 4236 ιν.
1936 4189 2021 4238 49.
2086 4186 2253 4236 Immo
2270 4200 2336 4234 ne
2354 4200 2571 4238 necesse
2592 4187 2698 4252 qui·

1635 4257 1753 4311 dem
1800 4267 1899 4317 est,
1932 4267 1994 4311 ut
2037 4261 2121 4311 vel
2158 4261 2349 4326 Scipio,
2389 4263 2475 4313 vel
2512 4262 2697 4313 Cossus
