2934 4925
714 414 784 462 r.
833 411 1038 496 mvn.
1068 414 1265 465 tus‘r.
1316 415 1459 466 ma.
1494 418 1598 467 vr.
1646 419 1810 471 car.
1842 406 1948 474 19.

242 553 452 607 domum
474 553 638 607 fuisse
665 557 748 607 rel
769 557 823 608 in
847 558 1127 622 Capitolio,
1152 559 1235 609 vel
1257 559 1310 609 in

242 645 385 683 arce.
450 632 554 682 Sed
580 633 788 684 videtur
806 633 871 683 de
893 634 973 685 his
994 635 1197 687 duobus
1218 636 1311 686 du·

243 707 446 759 bitasse
472 711 679 772 Liviua;
714 711 813 762 nisi
838 711 952 775 quis
975 710 1114 772 sorte
1153 727 1310 775 expo·

242 792 336 834 nat
358 799 457 849 pro
490 786 687 845 ‘casm'
718 794 809 838 aut
846 788 1046 838 Livium
1078 788 1309 839 Moneta!

244 861 411 911 aedem
431 862 713 927 ignorasse,
729 862 865 928 quod
883 863 1182 928 neutiquam
1198 878 1310 915 cre·

243 939 326 997 do,
353 946 524 1002 putet.
588 942 888 1011 Caeterum„
910 946 970 991 ut
992 941 1310 1005 Capitolium

135 1024 140 1028 ’
211 1078 218 1085 ⁴
241 1012 310 1065 ab
329 1029 451 1065 arce
470 1015 771 1078 discretum,
787 1031 851 1065 ex
873 1016 1018 1067 Livio
1033 1031 1134 1068 non
1153 1016 1309 1068 facile

241 1098 470 1149 constat,
494 1093 585 1141 sed
610 1108 675 1143 ex
710 1092 964 1157 Dionysio
999 1093 1089 1142 lib.
1110 1107 1168 1144 x.
1192 1109 1310 1159 pag.

239 1170 354 1217 640.
379 1167 471 1217 nbi
495 1169 559 1219 de
583 1168 727 1233 App.
748 1168 1035 1219 Herdonio.
1061 1170 1201 1220 θίαν.
1244 1171 1309 1220 In

236 1244 318 1292 bis
341 1244 662 1295 Glareanum
700 1246 896 1296 haerere
936 1246 1182 1310 potuisse,
1217 1247 1309 1296 mi·

238 1334 353 1369 rum
373 1332 492 1381 est;
526 1336 679 1386 quum
705 1322 831 1371 nihil
854 1322 1024 1372 notius
1046 1322 1134 1384 sit,
1160 1337 1310 1387 quam

224 1395 364 1456 sorte
389 1411 484 1460 pro
505 1399 521 1435 ⁴
539 1412 665 1447 casu
682 1396 699 1421 '
724 1398 881 1462 poni3
916 1407 971 1449 et
994 1399 1163 1457 multi,
1187 1399 1311 1450 licet

233 1486 340 1523 non
366 1473 524 1535 bene,
553 1474 813 1537 dubitent,
836 1490 902 1525 an
936 1491 1029 1540 pro
1053 1477 1312 1541 particula

236 1548 513 1600 dubitandi
554 1556 696 1600 recte
739 1562 980 1616 ponatur.
1047 1553 1310 1606 Quemad-

234 1625 448 1675 modum
475 1626 787 1690 Capitolium
818 1636 874 1677 et
914 1643 1006 1678 arx
1044 1628 1309 1696 differant,

233 1699 359 1750 vide
406 1700 706 1766 Rycquium
746 1702 811 1753 de
850 1704 1077 1769 Capitol.
1112 1720 1230 1771 cap.
1260 1701 1313 1756 '5.

236 1775 397 1829 Alex.
439 1777 635 1829 Donat.
658 1777 725 1828 de
751 1779 883 1829 Urb.
912 1779 1076 1829 Roma
1096 1794 1162 1830 ιι.
1188 1786 1234 1831 1.
1255 1787 1312 1831 et

236 1852 477 1906 Famian.
532 1855 754 1906 Nar-din.
798 1857 976 1908 Romoe
1023 1858 1210 1910 Veter.
1255 1873 1310 1909 v.

301 2012 375 2061 Et
416 2011 676 2063 inminenti
718 2015 837 2064 mole
870 2013 1086 2066 libertati
1122 2014 1311 2079 agitat]

236 2088 386 2152 Lege
409 2094 460 2138 et
483 2089 803 2142 imminentem
838 2091 1041 2155 publica
1076 2092 1309 2144 libertati.

232 2165 293 2213 Τ.
324 2165 521 2216 Faber.
591 2165 639 2215 N
644 2181 711 2216 on
737 2181 923 2232 sequor
956 2168 1311 2232 conjecturam

234 2241 414 2291 Fabri.
451 2241 563 2292 Arx
588 2242 703 2307 ipsa
722 2250 837 2294 erat
860 2245 1020 2294 moles
1039 2245 1311 2296 imminens

232 2316 495 2373 libertati,
529 2324 587 2366 ut
624 2319 882 2383 quondam
913 2334 1113 2370 summa
1144 2320 1310 2377 Velia,

232 2392 415 2459 inqua
460 2392 759 2445 aedificabat
797 2394 1089 2447 Publicola.
1155 2396 1311 2447 Unde

234 2478 354 2533 post
386 2470 574 2520 Manlii
607 2472 922 2536 supplicium
946 2474 1105 2525 latum
1130 2473 1195 2523 ad
1222 2489 1307 2539 po-

236 2549 419 2611 pulum
459 2555 563 2610 est,
595 2562 659 2597 ne
699 2549 812 2613 quis
838 2550 1091 2613 patricius
1116 2550 1167 2600 in
1191 2564 1311 2601 arce

239 2630 333 2673 aut
355 2623 621 2687 Capitolio
664 2623 925 2676 babitaret
962 2640 1082 2691 cap.
1106 2629 1188 2677 20.
1252 2628 1310 2678 Si

239 2701 366 2765 quid
389 2699 699 2750 mutandum
734 2701 823 2763 sit,
853 2701 989 2765 quod
1029 2716 1134 2751 non
1168 2710 1315 2766 puto,

238 2789 336 2839 pro
368 2780 419 2824 et
457 2775 783 2826 tolerabilius
823 2776 1030 2841 legatur
1049 2782 1123 2839 ut,
1156 2778 1209 2828 id
1231 2787 1313 2828 eat

231 2850 575 2918 ‘tamquam'
608 2851 746 2902 Duk.
828 2852 996 2902 codd.
1036 2854 1162 2903 nibil
1203 2869 1313 2904 mn·

238 2933 378 2990 tant,
434 2927 532 2977 nisi
575 2927 715 2991 quod
760 2942 1030 2992 perperam
1075 2930 1316 2981 libertatis

241 3004 494 3055 dederint
538 3006 688 3055 Voss.
732 3006 897 3064 ambo,
944 3006 1093 3056 Leid.
1145 3009 1314 3065 ambo,

235 3083 366 3133 Lov-
386 3087 433 3132 1.
447 3087 495 3132 2.
511 3086 565 3133 8.
582 3088 631 3134 5.
652 3082 801 3133 Harl.
818 3087 868 3132 1.
890 3082 1116 3134 Gaertn.
1126 3081 1315 3152 fragm,

236 3159 379 3209 Hav.
401 3174 683 3224 omnesque
701 3160 881 3209 excusi
906 3174 1067 3224 usque
1088 3160 1153 3210 ad
1185 3162 1314 3212 Fro-

237 3236 472 3294 beniuin,
511 3237 601 3301 qui
639 3252 687 3287 a.
720 3239 869 3288 1⁵81.
909 3235 1182 3287 substituit
1216 3238 1317 3301 pri·

239 3329 352 3363 mus
376 3313 612 3363 libertati.
644 3313 929 3376 Doujatius
950 3314 1211 3377 vulgatum
1232 3320 1314 3364 tu·

239 3396 379 3452 etur,
403 3397 460 3441 et
482 3390 650 3439 molem
668 3389 979 3441 inminentem
1001 3391 1216 3441 libertati
1237 3392 1314 3442 in·

242 3472 570 3531 terpretatur
592 3480 802 3528 gravem
820 3482 878 3516 ac
896 3466 1176 3519 timendam
1191 3469 1315 3526 vim,

241 3557 359 3607 quae
396 3533 727 3592 libertati'ex
768 3543 855 3593 illo
893 3543 1136 3602 seditioso
1172 3553 1316 3595 coetu

241 3618 588 3683 inpendebat.
655 3618 672 3648 ‘
691 3618 878 3668 Molis’
902 3628 1076 3670 autem
1099 3621 1317 3671 vocabu·

242 3696 368 3757 lum,
405 3710 501 3759 pro
534 3695 795 3746 molimine
840 3703 931 3747 aut
970 3697 1315 3748 instrumento

242 3771 537 3836 periculoso
577 3771 631 3820 in
669 3772 897 3837 aliquem
928 3773 1207 3837 destinato,
1230 3774 1316 3824 ci-

242 3862 488 3904 ceronem
512 3848 746 3911 posuisse
770 3848 1054 3910 existimat,
1077 3863 1232 3898 sensu
1251 3848 1317 3898 ab

241 3924 341 3974 bac
366 3925 506 3974 Livii
541 3924 811 3974 sententia
843 3938 944 3973 non
984 3925 1316 3984 abhorrente,

245 4000 397 4051 Orat.
435 4001 492 4050 in
531 4001 670 4053 Rull.
709 4015 777 4051 ιι.
815 4005 897 4051 33.
929 4003 945 4030 ‘
977 4001 1047 4052 Hi
1082 4000 1316 4052 eamdem

245 4077 482 4139 Capuam
505 4077 683 4126 sedem
710 4090 858 4127 novae
878 4077 1180 4140 reipublicoe
1196 4089 1316 4126 cou-

246 4152 494 4216 nituunt,
516 4153 701 4203 molem
727 4159 910 4203 contra
934 4158 1164 4203 veterem
1187 4166 1319 4202 rem·

247 4221 505 4293 publicam
527 4229 872 4293 comparant-⁹
930 4230 1143 4285 Verum.
1167 4229 1317 4279 Cice·

247 4318 426 4355 rouem
447 4304 522 4354 ibi
540 4320 654 4354 eam
674 4319 854 4355 vocem
874 4306 1025 4370 longe
1046 4307 1148 4356 alio
1164 4319 1318 4356 sensu

379 4386 563 4449 Delph.
594 4393 645 4439 et
674 4386 788 4438 Ver.
812 4388 944 4438 Clas.

1260 4386 1450 4438 Livius.
1556 4401 1561 4404 “

2271 412 2442 479 ’7961

1386 575 1679 627 usurpasse,
1699 564 1916 630 quilibet
1936 579 2033 630 per
2053 579 2110 618 se
2132 566 2292 620 videt.
2336 569 2446 620 Ad·

1385 635 1451 687 de
1477 652 1592 702 qum
1614 639 1884 691 Turnebus
1918 641 1985 692 ad
2022 657 2139 693 eum
2162 645 2330 695 locum
2351 661 2444 697 no·

1386 713 1538 765 tavit.
1610 717 1889 781 Doujatius
1925 719 2195 784 conjunxit
2218 724 2278 771 de
2296 738 2446 773 seces·

1383 791 1516 840 aione
1534 790 1586 841 ia
1609 793 1795 843 ἀοικιιηι
1828 796 2083 861 privatam,
2117 803 2165 847 et
2196 798 2449 849 inniiaenti

1384 869 1504 917 mole
1524 868 1754 921 libertati.
1820 871 1928 921 Sed
1962 872 2080 923 vide
2116 888 2182 923 an
2216 889 2321 924 non
2353 889 2447 938 po·

1386 944 1491 994 tius
1505 945 1830 1011 jungendum
1854 950 1923 999 sit
1944 949 1995 999 ia
2011 956 2179 1001 meet
2192 952 2447 1002 inminenti

1383 1022 1505 1069 mole
1523 1022 1738 1073 libertati
1752 1041 1769 1074 .·
1803 1031 1862 1074 ut
1884 1025 1957 1076 ita
1971 1040 2139 1076 arcem
2161 1027 2318 1077 Urbis
2340 1029 2443 1079 Ro·

1386 1111 1489 1147 mae
1510 1107 1663 1148 vocet
1685 1101 1869 1150 molem
1893 1102 2125 1152 libertati
2160 1104 2336 1167 populi
2368 1106 2446 1154 in-

1385 1175 1685 1224 minentem.
1752 1177 1996 1228 Ceterum
2014 1180 2139 1241 agit,
2160 1195 2253 1244 pro
2268 1182 2448 1244 agitat,

1385 1251 1522 1300 male
1546 1251 1761 1303 Hearnii
1783 1252 1957 1304 Oxou.
1982 1255 2046 1303 B.

1462 1328 1492 1391 §
1528 1332 1560 1376 2
1594 1329 1782 1391 Magna
1815 1344 1930 1394 pars
1962 1330 2304 1397 converantur]
2356 1332 2448 1383 Ita

1386 1401 1673 1465 praeferunt
1685 1418 1860 1455 omnes
1874 1405 2000 1456 editi
2014 1422 2030 1467 ;
2054 1407 2226 1472 itaque
2244 1408 2447 1459 Livium

1383 1478 1523 1543 loqui
1560 1480 1767 1530 solitum
1805 1480 1983 1544 fuisse,
2031 1483 2252 1533 vidimus
2288 1483 2355 1533 ad
2392 1497 2446 1534 v.

1385 1557 1466 1604 38.
1505 1558 1534 1621 §
1571 1560 1620 1608 8.
1686 1558 1876 1607 Nullus
1897 1566 2070 1609 tamen
2093 1559 2248 1609 codd.
2270 1558 2451 1611 suffra·

1383 1637 1559 1694 gutur,
1592 1633 1690 1682 nisi
1728 1632 1867 1684 forte
1906 1635 2043 1684 Flor.
2083 1650 2150 1684 ex
2183 1649 2285 1700 quo
2323 1636 2448 1685 nihil

1382 1715 1619 1758 notatum
1635 1708 1843 1759 invenio
1861 1710 1911 1759 in
1932 1700 2211 1775 excerptis.
2247 1711 2448 1761 Eodem

1384 1785 1542 1834 etiam
1565 1784 1766 1836 ducunt
1787 1786 2003 1850 vestigia
2029 1788 2155 1838 Lov.
2176 1793 2226 1837 4.
2250 1790 2303 1837 in
2327 1803 2448 1851 quo,

1384 1861 1763 1911 terminationis
1809 1863 2030 1925 passiva
2075 1869 2198 1912 nota
2238 1864 2448 1927 omissa,

1382 1937 1642 1998 miseran
1665 1938 1870 2002 legitur.
1918 1939 2000 1988 De
2018 1938 2113 1989 boc
2131 1952 2310 1989 errore
2327 1938 2449 1988 vide

1383 2013 1450 2064 ad
1477 2028 1538 2063 x.
1564 2019 1642 2064 10.
1666 2016 1695 2079 ξ
1721 2019 1770 2064 l.
1824 2015 2013 2077 Magna
2028 2030 2147 2079 pora
2165 2016 2449 2075 cocit'eratur

1385 2092 1673 2157 praeferunt
1715 2093 1864 2142 Voss.
1905 2098 1951 2144 1.
2005 2094 2156 2143 Leid.
2209 2100 2447 2158 uterque,

1386 2169 1514 2219 Lov.
1562 2174 1603 2219 l.
1643 2173 1694 2219 2.
1731 2174 1781 2218 5.
1821 2169 1970 2219 Harl.
2024 2177 2264 2234 uterque,
2299 2170 2451 2220 Port'.

1384 2243 1606 2294 Gaertn.
1624 2244 1763 2295 Hav.
1787 2243 1973 2308 fragm.
1992 2245 2128 2297 Hav.
2147 2251 2203 2295 et
2226 2244 2452 2294 Hearnii

1384 2322 1732 2373 oxonienses.
1814 2323 2003 2386 Magna
2053 2337 2168 2387 pars
2218 2322 2451 2383 vociferat

1386 2396 1537 2446 Voss.
1561 2402 1610 2447 2.
1632 2404 1688 2448 et
1714 2398 1842 2448 ιον.
1864 2402 1913 2448 3.
1981 2399 2155 2450 Quum
2189 2406 2362 2449 tamen
2393 2404 2453 2449 et

1385 2474 1480 2538 illi,
1515 2477 1600 2538 qni
1635 2475 1788 2538 primi
1828 2475 2028 2524 Livium
2069 2475 2208 2540 typis
2231 2475 2452 2525 describi

1387 2557 1658 2614 curarunt,
1686 2549 2011 2611 vociferantur
2051 2549 2104 2600 in
2139 2551 2289 2602 codd.
2324 2551 2452 2614 suis,

1387 2640 1455 2675 ex
1494 2627 1676 2690 quibus
1715 2627 1885 2690 ipsum
1917 2626 2209 2691 ediderunt,
2243 2627 2452 2676 invene·

1387 2706 1513 2763 rint,
1546 2712 1601 2756 et
1634 2706 1963 2757 verisimilius
1999 2707 2086 2768 sit,
2119 2705 2356 2758 indoctos
2391 2704 2451 2754 li·

1389 2781 1588 2832 brarios
1620 2782 1894 2832 collective
1927 2781 2175 2845 singulari
2214 2779 2453 2830 additum

1388 2858 1602 2908 verbum
1645 2858 1842 2922 plurale
1879 2857 1934 2907 in
1973 2857 2251 2921 singulare,
2297 2869 2452 2919 quam

1389 2940 1589 2992 contra,
1604 2940 1846 2990 mutasse,
1859 2934 2125 2996 vulgatum
2143 2930 2452 2982 serrandum

1389 3011 1703 3062 existimavi.
1734 3009 1888 3061 Adde
1911 3024 2075 3074 genua
2097 3008 2339 3074 loquendi
2362 3006 2453 3056 ad-

1390 3087 1556 3151 prime
1602 3086 1870 3137 Livianum
1911 3099 2043 3147 esse,
2091 3090 2151 3134 ut
2189 3083 2452 3134 docebunt

1390 3178 1507 3229 quae
1531 3163 1719 3213 notabo
1740 3162 1806 3213 ad
1828 3175 2007 3212 xxxV.
2023 3165 2107 3211 26.
2126 3161 2155 3225 §
2174 3164 2226 3209 0.

1457 3231 1838 3289 Servilio'Ahalu
1857 3253 1973 3302 opas
1989 3237 2113 3300 esse]
2146 3235 2335 3296 Servio,
2358 3235 2455 3299 pro

1390 3316 1620 3379 Servilio,
1653 3323 1736 3366 est
1771 3316 1821 3365 in
1861 3314 2009 3364 Harl.
2033 3309 2083 3362 2⁸.
2106 3318 2161 3362 et
2183 3313 2333 3362 Port.
2354 3311 2456 3359 sol-

1389 3393 1549 3443 lemni
1579 3392 1867 3444 scribarum
1906 3389 2252 3440 aberratione.
2319 3386 2454 3436 Vide

1392 3468 1458 3519 ad
1500 3469 1637 3532 Epit.
1674 3467 1787 3519 Liv-
1825 3466 1916 3520 lib.
1950 3478 2128 3516 axxn.
2208 3462 2457 3513 Similiter

1389 3548 1405 3575 ‘
1425 3544 1703 3598 Quinctius
1719 3546 1734 3569 ’
1756 3550 1810 3593 et
1832 3543 1849 3570 ‘
1867 3540 2208 3595 Quinctilius’
2230 3552 2456 3590 commu·

1392 3628 1587 3672 tantur.
1639 3620 1774 3670 Vide
1799 3618 1864 3668 ad
1887 3632 2018 3668 vm.
2041 3620 2124 3670 18.
2146 3618 2175 3681 §
2197 3619 2276 3665 18.
2321 3615 2454 3663 Tum

1393 3697 1528 3746 Hala
1563 3695 1719 3745 iidem
1743 3694 1845 3744 duo
1869 3693 2019 3744 codd.
2042 3707 2157 3743 cum
2184 3693 2308 3741 Lov.
2329 3694 2381 3740 8.
2402 3692 2452 3738 4.

1391 3773 1533 3823 Hav.
1556 3780 1608 3822 et
1629 3770 2000 3821 vetustioribus
2034 3767 2260 3819 excusis.
2313 3765 2454 3815 Vide

1391 3849 1455 3899 ad
1483 3847 1627 3910 Epit.
1650 3847 1760 3897 Liv.
1784 3846 1877 3896 lib.
1895 3858 1972 3894 lv.
2003 3844 2209 3895 Servilio
2225 3858 2340 3908 opus
2353 3857 2455 3893 esse

1392 3924 1567 3986 Ahala,
1609 3929 1809 3972 mutato
1849 3921 2210 3972 vocabulorum
2250 3919 2455 3983 ordine,

1392 3999 1540 4050 Leid.
1564 4003 1613 4048 2.
1641 4003 1696 4048 et
1718 3997 1844 4046 Lov.
1867 4001 1919 4046 1.

1457 4076 1575 4126 Non
1606 4077 1660 4123 ia
1693 4073 1881 4124 vinculo
1913 4072 2023 4123 duci
2046 4072 2256 4134 ‚iubendo
2293 4071 2458 4122 irritet

1386 4152 1624 4216 publicum
1643 4152 1843 4216 hostem]
1896 4152 2008 4201 Noa
2030 4152 2220 4202 invidia
2238 4152 2348 4201 duci
2370 4152 2456 4212 ju·

1393 4228 1540 4279 bendo
1562 4227 1782 4278 Gaertn.
1803 4227 1936 4293 quod
1960 4228 2157 4279 librarii
2184 4234 2456 4291 peccatum

1392 4312 1493 4354 est.
1557 4304 1823 4371 Scriptum
1852 4303 2024 4356 fuerat
2055 4304 2108 4354 in
2142 4303 2285 4364 vieta,
2320 4301 2455 4355 unde

2178 4385 2326 4436 2215
