2934 4925
752 404 820 450 Τ.
871 400 1057 449 mvn
1103 400 1308 450 ms‘r.
1360 401 1504 448 mn.
1555 398 1623 450 v.
1672 399 1836 451 oar.
1882 385 1986 452 18.

261 545 626 612 appellantur?
691 546 813 596 Hoc
847 561 902 596 se
940 546 1209 610 scripsisse
1242 544 1326 595 vel

258 626 450 674 oblitus
472 624 596 685 fuit,
619 638 777 688 quum
811 625 863 672 in
889 622 1217 672 Refutatione
1237 622 1326 672 illa

262 707 361 749 tam
403 699 577 749 calide
623 700 872 749 adversus
915 700 1182 762 sigonium
1223 699 1326 748 dis·

254 777 506 839 putabat,
545 777 627 826 vel
668 776 1041 825 dissimulavit:
1078 783 1134 825 et
1168 776 1327 825 miror

261 867 290 900 a
321 851 538 914 Sigonio
580 867 681 902 non
717 852 1128 901 animadversum
1151 850 1326 901 fuisse.

260 928 434 977 Locus
481 928 571 976 ille
613 927 744 976 Livii
791 925 1013 976 difficilis
1058 934 1183 988 est;
1230 927 1325 977 sed

263 1004 447 1064 credo,
492 1005 757 1053 meliorem
816 1018 929 1053 esse
982 1005 1325 1068 posteriorem

261 1080 660 1144 explicationem
683 1080 919 1130 Gruchii.
967 1081 1326 1143 Pantagathus

260 1170 359 1204 non
380 1156 537 1205 aliam
572 1157 724 1219 hujus
757 1156 879 1205 nodi
912 1157 1146 1207 solvendi
1171 1157 1326 1207 ratio-

262 1247 375 1282 nem
390 1234 639 1285 invenire
663 1230 1032 1299 potuit,‘quam
1052 1241 1109 1284 ut
1126 1235 1329 1285 diceret

263 1309 466 1359 Livium
483 1309 554 1359 ibi
575 1324 799 1374 quoque,
814 1311 939 1361 utin
957 1311 1327 1374 superioribus.

262 1396 449 1447 nempe
486 1399 543 1435 v.
568 1389 647 1435 18.
682 1391 738 1435 et
770 1398 828 1435 x.
865 1390 948 1435 22.
978 1392 995 1415 ‘
1021 1401 1121 1435 nou
1160 1387 1328 1436 videri

263 1465 512 1526 temporis
554 1462 749 1513 habere
794 1463 1085 1526 rationem,’
1130 1464 1181 1513 id
1224 1471 1327 1522 est.

264 1541 497 1604 prolepsi
522 1540 617 1589 uti.
679 1540 782 1590 Sed
800 1540 872 1591 de
894 1542 972 1590 liis
995 1541 1231 1605 quisque,
1268 1547 1329 1592 nt

262 1617 406 1677 libet,
447 1618 661 1666 sentiat.
738 1618 851 1680 Ego
907 1618 1132 1667 nondum
1178 1617 1324 1682 quid-

263 1708 413 1754 quam
434 1694 759 1755 propositum
783 1695 955 1755 video,
978 1695 1030 1744 iu
1050 1711 1154 1760 quo
1177 1695 1331 1759 ἄνωγέ

262 1768 370 1818 καίει
419 1767 654 1831 ἀπόδειξις
692 1771 782 1830 sit,
835 1779 980 1821 vetus
1026 1771 1324 1823 institutum

265 1846 434 1896 servii
457 1847 663 1894 demum
693 1855 813 1909 post
829 1845 895 1895 A.
921 1846 989 1895 U.
1011 1847 1069 1896 C.
1093 1849 1325 1898 loxndn

262 1911 493 1977 comitiis
528 1923 836 1971 centuriatis
866 1929 1121 1972 mutatum
1144 1923 1326 1975 fuisse.

263 2000 401 2050 Duk.
468 1997 924 2060 Additamentum,
947 1998 1084 2064 quod
1120 2015 1186 2049 ex
1222 2009 1329 2053 veti

263 2076 354 2125 lib.
391 2076 638 2141 Sigonius
676 2073 899 2139 profert,
935 2076 1094 2126 etiam
1132 2078 1182 2126 in
1220 2093 1326 2128 me·

264 2168 408 2203 orum
444 2153 757 2218 quibusdam
797 2159 1054 2216 superest,
1082 2154 1175 2204 sed
1210 2153 1327 2205 fere

262 2229 482 2285 inlibris
520 2229 717 2293 pejoris
751 2238 907 2285 notae.
945 2237 999 2280 et
1040 2231 1182 2280 varie
1205 2246 1326 2281 con·

265 2316 498 2370 ceptum,
517 2306 776 2369 variisque
799 2306 924 2355 locis
946 2308 1326 2371 interpositum.

268 2385 401 2433 Nam
435 2399 530 2432 nou
561 2388 795 2446 petentem
823 2385 1061 2435 consulari
1094 2390 1328 2448 potestate

264 2466 423 2510 creant
460 2467 544 2509 est
575 2460 627 2508 in
666 2460 896 2522 margine
922 2459 1107 2524 fragm.
1134 2462 1271 2511 Hav.
1294 2478 1328 2514 a

264 2553 333 2587 m.
347 2553 457 2587 sec.
477 2550 587 2587 'non
597 2543 833 2600 petentem
838 2544 1073 2602 potestate
1089 2541 1327 2590 consulari

262 2620 429 2664 creant
466 2614 519 2663 in
560 2613 711 2664 Harl.
729 2620 778 2664 2.
813 2615 960 2665 Port.
983 2622 1040 2665 et
1066 2616 1200 2666 Hav-
1231 2632 1328 2668 noa

262 2697 495 2754 petentem
515 2696 746 2755 potestate
774 2696 941 2741 creant
967 2707 1074 2743 con.
1109 2693 1330 2743 Gaertn.

264 2768 441 2830 Unde,
462 2775 524 2817 ut
546 2774 602 2817 et
632 2770 768 2833 quod
793 2768 974 2831 optinui
998 2760 1151 2818 codd.
1174 2785 1329 2820 voces

260 2843 527 2896 illas··.non
571 2853 869 2907 agnoscant,
913 2846 1099 2895 merito
1140 2844 1329 2911 efficio,-

264 2935 348 2969 eas
372 2936 468 2984 pro
492 2921 803 2984 glossemate
825 2919 1105 2981 habendas,
1127 2930 1182 2970 et
1206 2922 1328 2972 olim

263 2998 488 3061 margini
515 2997 808 3060 adscriptas
842 2995 1020 3059 fuisse,
1042 3004 1102 3047 ut
1133 2999 1329 3049 indica-

260 3079 423 3132 retur,
447 3076 627 3139 quales
653 3076 845 3124 tribuni
881 3075 1096 3125 militum
1135 3077 1329 3127 indica-

187 3162 193 3167 ·
262 3161 469 3202 rentur.
533 3151 673 3200 Vide
716 3150 815 3200 hoc
857 3165 975 3215 cap.
1019 3154 1048 3216 ς
1089 3155 1170 3203 17.
1243 3148 1364 3203 Ita'

262 3230 385 3279 alibi
430 3229 738 3293 simpliciter
775 3236 789 3259 ⁸
830 3228 1026 3279 tribuni
1072 3229 1331 3292 militum‚’

264 3307 346 3354 rel
368 3312 384 3334 ⁴
401 3304 696 3365 militares‚'
718 3312 986 3366 vocantur,
1010 3320 1109 3355 nou
1133 3307 1329 3357 additis

263 3383 361 3432 τοῖς
380 3382 402 3410 ‘
425 3380 687 3431 consulari
721 3381 1022 3445 potestate-⁹
1053 3382 1226 3446 Supra
1247 3397 1326 3436 lv,

265 3463 341 3510 10.
375 3461 392 3488 ⁸
420 3460 501 3509 Eo
527 3459 845 3508 tribunorum
870 3458 1165 3508 militarium
1189 3461 1331 3510 nulla

263 3538 464 3585 mentio
502 3537 579 3584 iiis
608 3535 903 3585 consulibus
928 3534 1065 3585 fuit)
1097 3537 1215 3586 Hoc
1239 3537 1330 3587 lib.

263 3628 313 3661 c.
335 3615 417 3662 12.
453 3619 470 3642 ⁸
495 3613 763 3661 Praeerant
785 3612 975 3661 tribuni
1009 3614 1228 3664 militurn
1253 3615 1331 3664 M.

264 3687 504 3737 AEmilins
524 3695 585 3737 et
609 3689 678 3736 K.
700 3688 927 3738 Fabius!
975 3690 1186 3741 Deinde
1202 3706 1331 3754 proe-

261 3767 484 3826 rogatiua
507 3771 675 3814 creant
696 3781 872 3815 omues
894 3766 1049 3816 codd.
1074 3767 1193 3829 mei,
1227 3782 1330 3817 uno

265 3850 493 3906 excepto
540 3844 669 3893 Lov.
714 3847 764 3893 2.
815 3843 867 3892 in
912 3859 1015 3908 quo
1057 3852 1141 3894 est
1184 3849 1334 3895 creat.

265 3919 714 3970 Quemadmodum
757 3927 931 3971 autem
986 3921 1223 3983 Sigonius
1275 3921 1330 3970 id

267 3997 649 4047 emendandum
674 3996 844 4047 credit
874 3999 1208 4061 prerogativa·
1229 4014 1331 4048 cre·

264 4079 369 4136 ant,
405 4077 485 4125 ita
519 4084 712 4124 contra
746 4074 939 4124 Octav.
977 4076 1332 4139 Pantagathus

238 4159 243 4162 '
267 4151 374 4203 sive
395 4151 526 4202 Ant.
559 4151 884 4215 Augustinus
919 4152 1057 4214 apud
1081 4152 1330 4202 Ursinum

272 4228 334 4277 ad
370 4242 411 4278 1.
445 4233 532 4277 43.
563 4230 596 4292 ξ
625 4231 706 4277 12.
744 4228 977 4277 malebat
1010 4228 1335 4292 praerogativa

271 4311 410 4355 creat.
436 4345 441 4350 .
468 4305 709 4368 Insuper
745 4306 806 4354 P.
841 4304 1093 4354 numerium
1133 4306 1334 4370 Calvum

203 4397 209 4401 ·
271 4381 560 4445 praeferunt
580 4381 717 4433 Lov.
739 4386 789 4432 2.
813 4385 862 4431 5.
894 4379 1039 4436 Har.
1063 4388 1120 4431 et
1141 4380 1337 4446 fragma

2285 386 2460 455 ‘7611

1404 545 1544 595 Hav.
1585 561 1618 596 a
1661 561 1730 595 m.
1773 560 1854 610 pr.
1939 545 2242 610 cognomen
2286 554 2463 598 autem

1406 624 1582 671 Calvus
1612 624 1863 672 omittunt
1902 623 2051 672 Voss.
2076 627 2123 672 1.
2163 624 2289 673 [ιον.
2327 628 2372 672 1.
2403 629 2465 674 et

1401 697 1548 747 Leid.
1561 703 1610 747 2.
1635 699 1722 763 qni
1745 706 1965 762 uterque
1976 713 2121 749 error
2142 700 2298 749 etiam
2323 714 2464 750 corn·

1401 776 1588 824 missus
1642 782 1757 824 erat
1810 768 1909 824 hoc
1961 775 2053 825 lib.
2095 791 2145 825 c.
2194 788 2297 825 ιιι.
2338 780 2367 841 ς
2409 781 2462 827 9.

1401 848 1606 904 Deinde
1643 868 1737 902 non
1768 858 2012 916 potentum
2040 854 2161 902 [ον.
2188 859 2235 902 l.
2266 868 2360 902 noa
2379 866 2463 917 po·

1400 932 1575 978 tentem
1596 930 1736 979 Flor.
1754 944 1783 978 a
1805 945 1874 979 m.
1900 943 1981 993 pr.
1996 931 2151 979 Voss.
2167 934 2216 979 2.
2243 931 2388 981 Leid.
2413 934 2464 982 l.

1401 1006 1528 1054 Lov-
1548 1010 1599 1054 2.
1634 1010 1684 1054 8.
1706 1012 1757 1055 6.
1781 1006 1931 1055 Harl.
1950 1011 1996 1054 1.
2031 1014 2088 1055 et
2124 1006 2176 1054 in
2209 1011 2462 1058 contextu

1399 1081 1554 1133 Voss.
1577 1088 1623 1132 1.
1646 1085 1697 1132 in
1721 1084 1867 1148 cnjus
1895 1085 2131 1148 margine
2155 1087 2465 1136 emendatur

1399 1173 1495 1208 non
1510 1166 1766 1223 petentem.
1804 1161 1940 1210 Vide
1964 1162 2061 1209 hoc
2086 1161 2181 1211 lib.
2208 1162 2272 1211 ad
2298 1174 2346 1211 c.
2380 1166 2465 1212 14.

1400 1237 1500 1299 §6.
1566 1234 1754 1284 Paullo
1777 1243 1901 1285 ante
1926 1237 1977 1285 ia
1997 1237 2135 1292 uiris,
2158 1251 2252 1300 pro
2277 1238 2465 1301 insitis,

1402 1311 1624 1363 Gaertn.
1660 1319 1717 1363 et
1743 1319 1877 1363 'mox
1916 1314 1968 1363 in
2009 1315 2179 1363 verbis
2218 1329 2365 1378 seqq.
2399 1328 2466 1364 ex

1396 1394 1555 1451 parte,
1577 1402 1672 1452 pro
1689 1394 1915 1453 experta,
1937 1390 2087 1439 Leid-
2103 1395 2147 1441 1.
2172 1398 2226 1442 et
2244 1391 2465 1442 Gaertu.

1402 1466 1673 1515 Praeterea
1690 1467 1845 1528 priori
1864 1467 2171 1539 magistratu,
2193 1481 2289 1532 pro
2308 1468 2467 1532 priore

1399 1553 1531 1602 mag.
1553 1540 1676 1590 edd.
1697 1541 1848 1593 Rom.
1874 1546 2023 1592 1472.
2042 1550 2096 1592 et
2122 1543 2301 1592 Parm.

1465 1618 1495 1680 ς
1528 1621 1560 1666 2
1599 1620 1865 1681 Omniaque
1907 1619 2125 1682 deinceps
2167 1634 2230 1668 ex
2269 1620 2468 1681 collegio

1399 1692 1605 1754 ejusdem
1638 1694 1754 1744 anai
1790 1695 1925 1760 refici
1960 1696 2240 1758 adparebat]
2272 1697 2375 1745 Hie
2397 1697 2466 1747 P.

1402 1769 1635 1820 Licinius
1651 1772 1840 1822 Calvus
1862 1772 2098 1822 tribunus
2121 1772 2342 1821 militum
2363 1770 2469 1821 fuit

1400 1859 1449 1894 a.
1466 1859 1657 1897 cccnv.
1675 1856 1732 1897 at
1749 1849 1936 1913 reliqui
1953 1857 2178 1913 quatuor
2193 1863 2239 1898 a.
2257 1861 2469 1898 cocurr-

1401 1922 1589 1971 Calvus
1604 1925 1813 1989 quidem
1839 1941 1903 1974 ex
1922 1925 2080 1989 plebe
2102 1939 2217 1975 cum
2241 1932 2470 1989 quatuor

1400 2000 1673 2063 patriciis3
1704 2007 1762 2050 at
1798 2002 1850 2049 hi
1887 2009 2110 2064 quatuor
2133 2001 2324 2064 plebeii
2348 2014 2466 2050 cum

1401 2089 1505 2125 nuo
1528 2078 1749 2140 patricio
1772 2078 1849 2128 M.
1872 2078 2111 2128 Veturio.
2146 2077 2280 2126 Illud
2303 2077 2468 2142 igitur

1400 2151 1606 2212 ejusdem
1625 2154 1743 2204 anni
1773 2154 2035 2219 quomodo
2070 2155 2465 2220 intelligendum

1402 2229 1471 2280 sit
1492 2231 1681 2279 haereo.
1739 2231 1871 2281 Nam
1895 2231 2034 2295 quod
2058 2231 2262 2296 quidam
2285 2231 2469 2282 dicunt

1399 2303 1607 2366 eiusdem
1630 2321 1731 2357 non
1754 2308 1819 2356 ad
1844 2307 2080 2369 Calvum,
2108 2308 2198 2357 sed
2227 2308 2294 2356 ad
2325 2308 2466 2371 ipsos

1383 2391 1626 2452 =quatuor
1672 2384 1911 2433 tribunos
1953 2382 2303 2445 referendum,
2345 2385 2470 2435 mihi

1403 2474 1503 2509 non
1527 2459 1805 2512 satisfacit.
1871 2462 2059 2511 Paullo
2080 2463 2215 2512 enim
2238 2468 2360 2526 post
2382 2463 2470 2513 Li-

1400 2538 1567 2587 cinius
1611 2539 1726 2602 ipse
1768 2538 2068 2603 ‘collegas’
2113 2548 2287 2601 vocat,
2329 2539 2468 2590 haud

1405 2614 1563 2665 dubie
1587 2631 1705 2665 suos
1727 2633 1741 2666 :
1780 2631 1941 2681 qnare
1975 2617 2073 2666 hoc
2100 2613 2349 2678 effugium
2372 2621 2472 2678 εις

1403 2708 1508 2744 non
1555 2710 1683 2745 vera
1725 2694 1959 2745 solvendi
2002 2695 2101 2744 via.
2182 2693 2297 2757 Ego
2343 2699 2472 2757 puto

1404 2769 1606 2832 lapsum
1652 2771 1901 2821 memoria
1944 2777 2228 2825 auctorem,
2270 2783 2369 2818 nec
2411 2769 2469 2817 id

1404 2846 1538 2896 adeo
1567 2847 1863 2910 religiosum
1894 2847 2010 2906 illi3
2040 2846 2142 2894 nisi
2173 2845 2290 2909 quis
2321 2843 2470 2893 codi-

1405 2936 1519 2972 cem
1551 2928 1851 2985 corruptum
1884 2922 2179 2982 existiman
2211 2920 2346 2985 qnod
2370 2928 2469 2972 nec

1406 2998 1573 3062 ipsum
1595 2999 1915 3061 impossibile
1936 3005 2039 3048 est.
2073 2999 2216 3047 Glar.
2279 2998 2361 3047 Ex
2379 3009 2469 3047 vo-

1404 3076 1554 3125 cibus
1592 3074 1726 3140 refici
1757 3075 2014 3138 adparebat
2053 3074 2249 3140 nullum
2291 3073 2469 3138 presi-

1400 3151 1549 3202 dium
1567 3151 1896 3201 defendendo
1917 3152 2061 3201 Livio
2077 3151 2325 3201 adversus
2341 3163 2469 3199 cen⁴

1405 3243 1577 3278 suram
1611 3229 1859 3280 Glareani
1890 3229 2128 3292 Sigonius
2163 3239 2470 3290 comparare

1407 3315 1603 3372 potest,
1629 3305 1765 3371 quod
1789 3306 1851 3354 ad
1876 3306 2040 3355 verba
2057 3319 2205 3369 seqq.
2235 3304 2467 3354 molitur.

1405 3382 1539 3432 Mox
1570 3383 1709 3436 enim
1747 3382 2030 3445 subjungit,
2072 3395 2201 3446 quos
2232 3379 2468 3443 ejusdem

1405 3459 1615 3522 collegii
1636 3457 1796 3509 fuisse
1820 3458 2101 3518 existimet,
2118 3463 2174 3505 et
2195 3455 2263 3505 de
2280 3455 2472 3518 quibus

1405 3535 1550 3585 dicat
1574 3536 1877 3600 adparuisse
1902 3550 1989 3585 eos
2010 3532 2185 3583 refici:
2213 3539 2269 3581 et
2292 3539 2467 3582 tamen

1406 3613 1479 3662 illi
1512 3628 1614 3663 non
1637 3628 1757 3670 uno,
1792 3613 1884 3662 sed
1909 3611 2108 3661 duobus
2132 3610 2278 3658 anuis
2302 3609 2468 3657 tribn-

1405 3697 1587 3740 natum
1611 3690 1890 3740 militarem
1907 3687 2266 3736 obtinuerunt.
2322 3684 2470 3732 Don-

1396 3767 1562 3830 jatius
1613 3764 1909 3816 addendum
1968 3768 2118 3823 putat
2157 3775 2223 3809 sx
2265 3759 2474 3822 collegio

1402 3844 1607 3904 ejusdem
1648 3847 1735 3891 aut
1771 3840 2008 3903 sequentis
2035 3840 2180 3888 anai.
2217 3862 2223 3866 <
2253 3839 2472 3898 Verum,
2521 3894 2525 3896 Δ

1405 3927 1752 3984 praeterquam
1779 3918 1919 3982 quod
1939 3930 2121 3965 omues
2156 3914 2312 3964 codd.
2341 3922 2474 3978 quoa

1405 3996 1659 4056 consului,
1715 3994 1766 4044 in
1824 3994 2091 4056 vulgatum
2148 3991 2471 4055 conspirent,

1406 4073 1503 4121 nisi
1545 4070 1682 4137 quod
1716 4070 1768 4119 in
1806 4085 1911 4121 uno
1947 4068 2096 4122 Leid.
2128 4073 2177 4117 2.
2216 4083 2247 4117 a
2284 4082 2352 4116 m.
2385 4079 2469 4132 prs

1405 4150 1474 4211 sit
1494 4146 1804 4210 adparebant,
1834 4147 1907 4196 ita
1928 4145 2259 4195 nihilominus
2282 4144 2470 4193 adver«

1406 4233 1589 4274 santur
1610 4224 1772 4273 verba
1794 4237 1940 4287 seqq.
1964 4221 2166 4283 Licinii,
2185 4221 2367 4285 quibus
2389 4222 2464 4269 iu·

1406 4301 1565 4359 dicat,
1585 4302 1703 4351 ideo
1717 4302 1965 4365 populum
1981 4301 2269 4359 Romanum
2288 4308 2466 4348 omues

1410 4391 1478 4428 ex
1500 4378 1717 4443 collegio
1738 4377 1974 4441 ejusdem
1988 4375 2108 4426 anui
2128 4367 2482 4425 tribunam-2
