<?xml version="1.0" encoding="UTF-8"?>
<!DOCTYPE html PUBLIC "-//W3C//DTD XHTML 1.0 Transitional//EN"
    "http://www.w3.org/TR/xhtml1/DTD/xhtml1-transitional.dtd">
<html xmlns="http://www.w3.org/1999/xhtml" xml:lang="en" lang="en">
 <head>
  <title>
</title>
<meta http-equiv="Content-Type" content="text/html;charset=utf-8" />
  <meta name='ocr-system' content='tesseract 3.04.00' />
  <meta name='ocr-capabilities' content='ocr_page ocr_carea ocr_par ocr_line ocrx_word'/>
</head>
<body>
  <div class='ocr_page' id='page_1' title='image "./tliviipatavinih12unkngoog_0166.png"; bbox 0 0 2934 4925; ppageno 0'>
   <div class='ocr_carea' id='block_1_1' title="bbox 483 370 661 440">
    <p class='ocr_par' dir='ltr' id='par_1_1' title="bbox 483 370 661 440">
     <span class='ocr_line' id='line_1_1' title="bbox 483 370 661 440; baseline 0 0"><span class='ocrx_word' id='word_1_1' title='bbox 483 370 661 440; x_wconf 77' lang='grc'><strong>7670</strong></span> 
     </span>
    </p>
   </div>
   <div class='ocr_carea' id='block_1_2' title="bbox 465 533 1547 3818">
    <p class='ocr_par' dir='ltr' id='par_1_2' title="bbox 475 533 1547 1291">
     <span class='ocr_line' id='line_1_2' title="bbox 481 533 1546 601; baseline 0 -18"><span class='ocrx_word' id='word_1_2' title='bbox 481 548 600 600; x_wconf 83' lang='lat' dir='ltr'><strong>que,</strong></span> <span class='ocrx_word' id='word_1_3' title='bbox 620 547 688 584; x_wconf 86' lang='lat' dir='ltr'><strong>ne</strong></span> <span class='ocrx_word' id='word_1_4' title='bbox 711 533 810 585; x_wconf 82' lang='lat' dir='ltr'><strong>emi</strong></span> <span class='ocrx_word' id='word_1_5' title='bbox 841 533 1047 601; x_wconf 78' lang='lat' dir='ltr'><strong>quidem</strong></span> <span class='ocrx_word' id='word_1_6' title='bbox 1080 534 1288 599; x_wconf 60' lang='lat' dir='ltr'><strong>potuit)</strong></span> <span class='ocrx_word' id='word_1_7' title='bbox 1321 547 1439 598; x_wconf 82' lang='lat' dir='ltr'><strong>cap.</strong></span> <span class='ocrx_word' id='word_1_8' title='bbox 1461 536 1546 584; x_wconf 68' lang='lat'><strong>48.</strong></span> 
     </span>
     <span class='ocr_line' id='line_1_3' title="bbox 481 612 1545 679; baseline -0.002 -17"><span class='ocrx_word' id='word_1_9' title='bbox 481 613 497 638; x_wconf 86' lang='lat'>‘</span> <span class='ocrx_word' id='word_1_10' title='bbox 523 612 585 662; x_wconf 82' lang='lat' dir='ltr'><strong>In</strong></span> <span class='ocrx_word' id='word_1_11' title='bbox 612 612 921 663; x_wconf 82' lang='lat' dir='ltr'><strong>Veientibus</strong></span> <span class='ocrx_word' id='word_1_12' title='bbox 944 612 1150 679; x_wconf 79' lang='lat' dir='ltr'><strong>quidem</strong></span> <span class='ocrx_word' id='word_1_13' title='bbox 1176 612 1300 661; x_wconf 81' lang='lat' dir='ltr'><strong>nihil</strong></span> <span class='ocrx_word' id='word_1_14' title='bbox 1332 612 1545 675; x_wconf 80' lang='lat' dir='ltr'><strong>dignum</strong></span> 
     </span>
     <span class='ocr_line' id='line_1_4' title="bbox 481 689 1546 752; baseline 0 -14"><span class='ocrx_word' id='word_1_15' title='bbox 481 691 724 739; x_wconf 78' lang='lat' dir='ltr'><strong>memoria</strong></span> <span class='ocrx_word' id='word_1_16' title='bbox 747 696 948 752; x_wconf 68' lang='lat' dir='ltr'><strong>gestum</strong></span> <span class='ocrx_word' id='word_1_17' title='bbox 964 689 1084 739; x_wconf 86' lang='lat' dir='ltr'><strong>est.’</strong></span> <span class='ocrx_word' id='word_1_18' title='bbox 1118 703 1171 739; x_wconf 85' lang='lat' dir='ltr'><strong>v.</strong></span> <span class='ocrx_word' id='word_1_19' title='bbox 1193 695 1273 740; x_wconf 87' lang='grc'><strong>10.</strong></span> <span class='ocrx_word' id='word_1_20' title='bbox 1309 696 1324 718; x_wconf 83' lang='lat'>‘</span> <span class='ocrx_word' id='word_1_21' title='bbox 1341 690 1546 739; x_wconf 77' lang='lat' dir='ltr'><strong>Bellum</strong></span> 
     </span>
     <span class='ocr_line' id='line_1_5' title="bbox 480 763 1546 830; baseline 0.001 -16"><span class='ocrx_word' id='word_1_22' title='bbox 480 763 877 830; x_wconf 77' lang='lat' dir='ltr'><strong>multiplex-fnit</strong></span> <span class='ocrx_word' id='word_1_23' title='bbox 910 765 1092 816; x_wconf 86' lang='lat' dir='ltr'><strong>eodem</strong></span> <span class='ocrx_word' id='word_1_24' title='bbox 1123 775 1378 829; x_wconf 82' lang='lat' dir='ltr'><strong>tempore,</strong></span> <span class='ocrx_word' id='word_1_25' title='bbox 1399 772 1454 815; x_wconf 85' lang='lat' dir='ltr'><strong>et</strong></span> <span class='ocrx_word' id='word_1_26' title='bbox 1479 764 1546 815; x_wconf 84' lang='lat' dir='ltr'><strong>ad</strong></span> 
     </span>
     <span class='ocr_line' id='line_1_6' title="bbox 480 841 1547 906; baseline 0 -16"><span class='ocrx_word' id='word_1_27' title='bbox 480 842 729 904; x_wconf 82' lang='lat' dir='ltr'><strong>Veios,et</strong></span> <span class='ocrx_word' id='word_1_28' title='bbox 751 842 815 891; x_wconf 93' lang='lat' dir='ltr'><strong>ad</strong></span> <span class='ocrx_word' id='word_1_29' title='bbox 836 841 1120 906; x_wconf 79' lang='lat' dir='ltr'><strong>Capenam,</strong></span> <span class='ocrx_word' id='word_1_30' title='bbox 1135 848 1191 890; x_wconf 88' lang='lat' dir='ltr'><strong>et</strong></span> <span class='ocrx_word' id='word_1_31' title='bbox 1213 842 1277 890; x_wconf 86' lang='lat' dir='ltr'><strong>ad</strong></span> <span class='ocrx_word' id='word_1_32' title='bbox 1297 841 1547 904; x_wconf 86' lang='lat' dir='ltr'><strong>Falerios,</strong></span> 
     </span>
     <span class='ocr_line' id='line_1_7' title="bbox 479 916 1545 969; baseline -0.002 -1"><span class='ocrx_word' id='word_1_33' title='bbox 479 925 536 968; x_wconf 70' lang='lat' dir='ltr'><strong>et</strong></span> <span class='ocrx_word' id='word_1_34' title='bbox 553 918 604 967; x_wconf 89' lang='lat' dir='ltr'><strong>in</strong></span> <span class='ocrx_word' id='word_1_35' title='bbox 629 918 870 969; x_wconf 84' lang='lat' dir='ltr'><strong>Volscis.&#39;</strong></span> <span class='ocrx_word' id='word_1_36' title='bbox 904 932 950 968; x_wconf 87' lang='lat' dir='ltr'><strong>c.</strong></span> <span class='ocrx_word' id='word_1_37' title='bbox 976 922 1057 968; x_wconf 84' lang='grc'><strong>13.</strong></span> <span class='ocrx_word' id='word_1_38' title='bbox 1092 918 1109 945; x_wconf 90' lang='lat'>‘</span> <span class='ocrx_word' id='word_1_39' title='bbox 1131 916 1318 967; x_wconf 82' lang='lat' dir='ltr'><strong>Anxur</strong></span> <span class='ocrx_word' id='word_1_40' title='bbox 1341 918 1395 967; x_wconf 89' lang='lat' dir='ltr'><strong>in</strong></span> <span class='ocrx_word' id='word_1_41' title='bbox 1423 918 1545 966; x_wconf 86' lang='lat' dir='ltr'><strong>Vol·</strong></span> 
     </span>
     <span class='ocr_line' id='line_1_8' title="bbox 478 993 1545 1060; baseline -0.001 -15"><span class='ocrx_word' id='word_1_42' title='bbox 478 996 579 1046; x_wconf 84' lang='lat' dir='ltr'><strong>scis</strong></span> <span class='ocrx_word' id='word_1_43' title='bbox 617 996 764 1046; x_wconf 84' lang='lat' dir='ltr'><strong>brevi</strong></span> <span class='ocrx_word' id='word_1_44' title='bbox 808 1002 1076 1060; x_wconf 81' lang='lat' dir='ltr'><strong>receptum</strong></span> <span class='ocrx_word' id='word_1_45' title='bbox 1122 1005 1201 1045; x_wconf 85' lang='lat' dir='ltr'><strong>est</strong></span> <span class='ocrx_word' id='word_1_46' title='bbox 1223 1011 1237 1044; x_wconf 72' lang='grc' dir='ltr'><strong>ι</strong></span> <span class='ocrx_word' id='word_1_47' title='bbox 1259 993 1275 1017; x_wconf 83' lang='grc'><strong><em>’</em></strong></span> <span class='ocrx_word' id='word_1_48' title='bbox 1323 1002 1545 1060; x_wconf 87' lang='lat' dir='ltr'><strong>utroque</strong></span> 
     </span>
     <span class='ocr_line' id='line_1_9' title="bbox 476 1072 1544 1139; baseline 0.001 -18"><span class='ocrx_word' id='word_1_49' title='bbox 476 1073 715 1136; x_wconf 68' lang='lat' dir='ltr'><strong>proximo</strong></span> <span class='ocrx_word' id='word_1_50' title='bbox 761 1073 878 1123; x_wconf 88' lang='lat' dir='ltr'><strong>loco</strong></span> <span class='ocrx_word' id='word_1_51' title='bbox 928 1073 980 1123; x_wconf 92' lang='lat' dir='ltr'><strong>in</strong></span> <span class='ocrx_word' id='word_1_52' title='bbox 1025 1072 1333 1139; x_wconf 85' lang='lat' dir='ltr'><strong>quibusdam</strong></span> <span class='ocrx_word' id='word_1_53' title='bbox 1382 1074 1544 1122; x_wconf 88' lang='lat' dir='ltr'><strong>etiam</strong></span> 
     </span>
     <span class='ocr_line' id='line_1_10' title="bbox 475 1148 1545 1200; baseline 0.001 -2"><span class='ocrx_word' id='word_1_54' title='bbox 475 1148 631 1200; x_wconf 83' lang='lat' dir='ltr'><strong>codd.</strong></span> <span class='ocrx_word' id='word_1_55' title='bbox 669 1152 723 1199; x_wconf 73' lang='lat' dir='ltr'><strong>in</strong></span> <span class='ocrx_word' id='word_1_56' title='bbox 770 1148 960 1199; x_wconf 70' lang='lat' dir='ltr'><strong>Volscos</strong></span> <span class='ocrx_word' id='word_1_57' title='bbox 996 1149 1185 1200; x_wconf 83' lang='lat' dir='ltr'><strong>iuveni.</strong></span> <span class='ocrx_word' id='word_1_58' title='bbox 1241 1149 1455 1200; x_wconf 77' lang='lat' dir='ltr'><strong>Pariter</strong></span> <span class='ocrx_word' id='word_1_59' title='bbox 1490 1150 1545 1199; x_wconf 75' lang='lat' dir='ltr'><strong>in</strong></span> 
     </span>
     <span class='ocr_line' id='line_1_11' title="bbox 484 1224 1252 1291; baseline -0.001 -16"><span class='ocrx_word' id='word_1_60' title='bbox 484 1225 666 1275; x_wconf 76' lang='lat' dir='ltr'><strong>Volsco.</strong></span> <span class='ocrx_word' id='word_1_61' title='bbox 703 1226 840 1276; x_wconf 88' lang='lat' dir='ltr'><strong>Vide</strong></span> <span class='ocrx_word' id='word_1_62' title='bbox 864 1224 929 1275; x_wconf 91' lang='lat' dir='ltr'><strong>ad</strong></span> <span class='ocrx_word' id='word_1_63' title='bbox 954 1239 1016 1275; x_wconf 89' lang='grc' dir='ltr'><strong>ιι.</strong></span> <span class='ocrx_word' id='word_1_64' title='bbox 1041 1230 1125 1275; x_wconf 90' lang='grc'><strong>59.</strong></span> <span class='ocrx_word' id='word_1_65' title='bbox 1149 1228 1177 1291; x_wconf 79' lang='lat'>§</span> <span class='ocrx_word' id='word_1_66' title='bbox 1202 1232 1252 1274; x_wconf 90' lang='grc'><strong>5.</strong></span> 
     </span>
    </p>

    <p class='ocr_par' dir='ltr' id='par_1_3' title="bbox 468 1302 1543 2960">
     <span class='ocr_line' id='line_1_12' title="bbox 539 1302 1537 1365; baseline 0.003 -14"><span class='ocrx_word' id='word_1_67' title='bbox 539 1302 676 1352; x_wconf 76' lang='lat' dir='ltr'><strong>Adeo</strong></span> <span class='ocrx_word' id='word_1_68' title='bbox 703 1306 760 1351; x_wconf 75' lang='grc' dir='ltr'><strong>ιιι</strong></span> <span class='ocrx_word' id='word_1_69' title='bbox 779 1303 834 1351; x_wconf 74' lang='lat' dir='ltr'><strong>in</strong></span> <span class='ocrx_word' id='word_1_70' title='bbox 853 1302 1036 1352; x_wconf 74' lang='lat' dir='ltr'><strong>incerto</strong></span> <span class='ocrx_word' id='word_1_71' title='bbox 1043 1302 1229 1365; x_wconf 67' lang='lat' dir='ltr'><strong>suerit]</strong></span> <span class='ocrx_word' id='word_1_72' title='bbox 1286 1305 1355 1353; x_wconf 81' lang='lat' dir='ltr'><strong>Ut</strong></span> <span class='ocrx_word' id='word_1_73' title='bbox 1376 1304 1428 1354; x_wconf 76' lang='lat' dir='ltr'><strong>ia</strong></span> <span class='ocrx_word' id='word_1_74' title='bbox 1464 1305 1537 1354; x_wconf 76' lang='lat' dir='ltr'><strong>in·</strong></span> 
     </span>
     <span class='ocr_line' id='line_1_13' title="bbox 473 1378 1543 1442; baseline 0.003 -15"><span class='ocrx_word' id='word_1_75' title='bbox 473 1383 608 1427; x_wconf 68' lang='lat' dir='ltr'><strong>cena</strong></span> <span class='ocrx_word' id='word_1_76' title='bbox 654 1378 805 1427; x_wconf 87' lang='lat' dir='ltr'><strong>Port.</strong></span> <span class='ocrx_word' id='word_1_77' title='bbox 845 1393 877 1427; x_wconf 89' lang='lat' dir='ltr'><strong>a</strong></span> <span class='ocrx_word' id='word_1_78' title='bbox 918 1392 987 1429; x_wconf 89' lang='lat' dir='ltr'><strong>m.</strong></span> <span class='ocrx_word' id='word_1_79' title='bbox 1038 1393 1117 1442; x_wconf 84' lang='lat' dir='ltr'><strong>pr.</strong></span> <span class='ocrx_word' id='word_1_80' title='bbox 1173 1383 1230 1428; x_wconf 72' lang='lat' dir='ltr'><strong>ut</strong></span> <span class='ocrx_word' id='word_1_81' title='bbox 1266 1381 1321 1429; x_wconf 78' lang='lat' dir='ltr'><strong>in</strong></span> <span class='ocrx_word' id='word_1_82' title='bbox 1361 1380 1543 1430; x_wconf 72' lang='lat' dir='ltr'><strong>incerte</strong></span> 
     </span>
     <span class='ocr_line' id='line_1_14' title="bbox 475 1453 1541 1516; baseline 0.002 -12"><span class='ocrx_word' id='word_1_83' title='bbox 475 1453 625 1504; x_wconf 80' lang='lat' dir='ltr'><strong>Leid.</strong></span> <span class='ocrx_word' id='word_1_84' title='bbox 651 1459 697 1504; x_wconf 88' lang='lat'><strong>1.</strong></span> <span class='ocrx_word' id='word_1_85' title='bbox 727 1458 783 1504; x_wconf 78' lang='lat' dir='ltr'><strong>ut</strong></span> <span class='ocrx_word' id='word_1_86' title='bbox 814 1456 868 1504; x_wconf 77' lang='lat' dir='ltr'><strong>in</strong></span> <span class='ocrx_word' id='word_1_87' title='bbox 900 1455 1131 1506; x_wconf 75' lang='lat' dir='ltr'><strong>incertum</strong></span> <span class='ocrx_word' id='word_1_88' title='bbox 1160 1455 1321 1516; x_wconf 76' lang='lat' dir='ltr'><strong>suerit</strong></span> <span class='ocrx_word' id='word_1_89' title='bbox 1346 1458 1474 1506; x_wconf 78' lang='lat' dir='ltr'><strong>Lov-</strong></span> <span class='ocrx_word' id='word_1_90' title='bbox 1494 1462 1541 1506; x_wconf 90' lang='grc'><strong>1.</strong></span> 
     </span>
     <span class='ocr_line' id='line_1_15' title="bbox 473 1531 1538 1592; baseline 0.002 -12"><span class='ocrx_word' id='word_1_91' title='bbox 473 1537 529 1580; x_wconf 77' lang='lat' dir='ltr'><strong>et</strong></span> <span class='ocrx_word' id='word_1_92' title='bbox 562 1534 613 1580; x_wconf 83' lang='grc'><strong>2.</strong></span> <span class='ocrx_word' id='word_1_93' title='bbox 669 1536 724 1581; x_wconf 78' lang='grc' dir='ltr'><strong>ιιι</strong></span> <span class='ocrx_word' id='word_1_94' title='bbox 757 1531 989 1582; x_wconf 76' lang='lat' dir='ltr'><strong>incertum</strong></span> <span class='ocrx_word' id='word_1_95' title='bbox 1005 1531 1163 1592; x_wconf 77' lang='lat' dir='ltr'><strong>suerit</strong></span> <span class='ocrx_word' id='word_1_96' title='bbox 1199 1532 1348 1582; x_wconf 82' lang='lat' dir='ltr'><strong>Leid.</strong></span> <span class='ocrx_word' id='word_1_97' title='bbox 1383 1537 1434 1583; x_wconf 95' lang='grc'><strong>2.</strong></span> <span class='ocrx_word' id='word_1_98' title='bbox 1484 1539 1538 1582; x_wconf 76' lang='grc' dir='ltr'><strong>ιιι</strong></span> 
     </span>
     <span class='ocr_line' id='line_1_16' title="bbox 469 1606 1536 1658; baseline 0.004 -4"><span class='ocrx_word' id='word_1_99' title='bbox 469 1606 654 1655; x_wconf 70' lang='lat' dir='ltr'><strong>incerto</strong></span> <span class='ocrx_word' id='word_1_100' title='bbox 678 1606 829 1657; x_wconf 83' lang='lat' dir='ltr'><strong>Harl.</strong></span> <span class='ocrx_word' id='word_1_101' title='bbox 850 1611 900 1657; x_wconf 89' lang='grc'><strong>2.</strong></span> <span class='ocrx_word' id='word_1_102' title='bbox 920 1613 975 1656; x_wconf 88' lang='lat' dir='ltr'><strong>et</strong></span> <span class='ocrx_word' id='word_1_103' title='bbox 1000 1607 1138 1656; x_wconf 85' lang='lat' dir='ltr'><strong>Hav.</strong></span> <span class='ocrx_word' id='word_1_104' title='bbox 1172 1606 1279 1657; x_wconf 89' lang='lat' dir='ltr'><strong>Sed</strong></span> <span class='ocrx_word' id='word_1_105' title='bbox 1301 1610 1536 1658; x_wconf 80' lang='lat' dir='ltr'><strong>voculam</strong></span> 
     </span>
     <span class='ocr_line' id='line_1_17' title="bbox 470 1683 1536 1749; baseline 0.004 -17"><span class='ocrx_word' id='word_1_106' title='bbox 470 1683 524 1732; x_wconf 71' lang='lat' dir='ltr'><strong>iu</strong></span> <span class='ocrx_word' id='word_1_107' title='bbox 545 1683 685 1734; x_wconf 86' lang='lat' dir='ltr'><strong>elisit</strong></span> <span class='ocrx_word' id='word_1_108' title='bbox 722 1684 887 1748; x_wconf 86' lang='lat' dir='ltr'><strong>prima</strong></span> <span class='ocrx_word' id='word_1_109' title='bbox 920 1683 1122 1747; x_wconf 83' lang='lat' dir='ltr'><strong>syllaba</strong></span> <span class='ocrx_word' id='word_1_110' title='bbox 1161 1683 1401 1733; x_wconf 82' lang='lat' dir='ltr'><strong>vocabuli</strong></span> <span class='ocrx_word' id='word_1_111' title='bbox 1427 1698 1536 1749; x_wconf 83' lang='lat' dir='ltr'><strong>seq.</strong></span> 
     </span>
     <span class='ocr_line' id='line_1_18' title="bbox 472 1756 1535 1826; baseline 0 -17"><span class='ocrx_word' id='word_1_112' title='bbox 472 1756 600 1809; x_wconf 84' lang='lat' dir='ltr'><strong>Pari</strong></span> <span class='ocrx_word' id='word_1_113' title='bbox 635 1760 790 1811; x_wconf 89' lang='lat' dir='ltr'><strong>modo</strong></span> <span class='ocrx_word' id='word_1_114' title='bbox 819 1770 1095 1824; x_wconf 81' lang='lat' dir='ltr'><strong>peccatum</strong></span> <span class='ocrx_word' id='word_1_115' title='bbox 1134 1766 1249 1809; x_wconf 81' lang='lat' dir='ltr'><strong>erat</strong></span> <span class='ocrx_word' id='word_1_116' title='bbox 1270 1774 1310 1811; x_wconf 88' lang='lat'><strong>1.</strong></span> <span class='ocrx_word' id='word_1_117' title='bbox 1337 1765 1414 1811; x_wconf 88' lang='grc'><strong>17.</strong></span> <span class='ocrx_word' id='word_1_118' title='bbox 1434 1764 1462 1826; x_wconf 80' lang='lat'>§</span> <span class='ocrx_word' id='word_1_119' title='bbox 1486 1767 1535 1811; x_wconf 83' lang='lat'><strong>9.</strong></span> 
     </span>
     <span class='ocr_line' id='line_1_19' title="bbox 470 1836 1535 1902; baseline 0.004 -18"><span class='ocrx_word' id='word_1_120' title='bbox 470 1849 552 1885; x_wconf 74' lang='grc' dir='ltr'><strong>ιν.</strong></span> <span class='ocrx_word' id='word_1_121' title='bbox 580 1841 660 1887; x_wconf 98' lang='grc'><strong>13.</strong></span> <span class='ocrx_word' id='word_1_122' title='bbox 682 1840 711 1902; x_wconf 81' lang='lat'>§</span> <span class='ocrx_word' id='word_1_123' title='bbox 735 1841 783 1886; x_wconf 92' lang='grc'><strong>7.</strong></span> <span class='ocrx_word' id='word_1_124' title='bbox 817 1850 865 1886; x_wconf 86' lang='lat' dir='ltr'><strong>c.</strong></span> <span class='ocrx_word' id='word_1_125' title='bbox 887 1841 969 1887; x_wconf 83' lang='grc'><strong>23.</strong></span> <span class='ocrx_word' id='word_1_126' title='bbox 993 1839 1022 1901; x_wconf 82' lang='lat'>§</span> <span class='ocrx_word' id='word_1_127' title='bbox 1044 1840 1092 1887; x_wconf 90' lang='grc'><strong>3.</strong></span> <span class='ocrx_word' id='word_1_128' title='bbox 1114 1836 1213 1887; x_wconf 82' lang='lat' dir='ltr'><strong>hoc</strong></span> <span class='ocrx_word' id='word_1_129' title='bbox 1238 1837 1327 1887; x_wconf 86' lang='lat' dir='ltr'><strong>lib.</strong></span> <span class='ocrx_word' id='word_1_130' title='bbox 1365 1852 1414 1887; x_wconf 89' lang='lat' dir='ltr'><strong>c.</strong></span> <span class='ocrx_word' id='word_1_131' title='bbox 1448 1843 1535 1889; x_wconf 89' lang='grc'><strong>49.</strong></span> 
     </span>
     <span class='ocr_line' id='line_1_20' title="bbox 469 1912 1537 1977; baseline 0.006 -16"><span class='ocrx_word' id='word_1_132' title='bbox 469 1912 572 1975; x_wconf 52' lang='lat' dir='ltr'><strong>§a</strong></span> <span class='ocrx_word' id='word_1_133' title='bbox 606 1926 732 1962; x_wconf 82' lang='lat' dir='ltr'><strong>vm.</strong></span> <span class='ocrx_word' id='word_1_134' title='bbox 755 1917 805 1962; x_wconf 94' lang='grc'><strong>6.</strong></span> <span class='ocrx_word' id='word_1_135' title='bbox 831 1915 861 1977; x_wconf 78' lang='lat'>§</span> <span class='ocrx_word' id='word_1_136' title='bbox 883 1916 933 1961; x_wconf 86' lang='grc'><strong>3.</strong></span> <span class='ocrx_word' id='word_1_137' title='bbox 967 1928 1018 1964; x_wconf 84' lang='grc' dir='ltr'><strong>ο.</strong></span> <span class='ocrx_word' id='word_1_138' title='bbox 1045 1917 1128 1963; x_wconf 84' lang='grc'><strong>33.</strong></span> <span class='ocrx_word' id='word_1_139' title='bbox 1158 1915 1187 1977; x_wconf 82' lang='lat'>§</span> <span class='ocrx_word' id='word_1_140' title='bbox 1210 1917 1259 1964; x_wconf 94' lang='grc'><strong>6.</strong></span> <span class='ocrx_word' id='word_1_141' title='bbox 1297 1921 1353 1963; x_wconf 86' lang='lat' dir='ltr'><strong>et</strong></span> <span class='ocrx_word' id='word_1_142' title='bbox 1390 1915 1537 1968; x_wconf 85' lang='lat' dir='ltr'><strong>alibi.</strong></span> 
     </span>
     <span class='ocr_line' id='line_1_21' title="bbox 476 1987 1536 2041; baseline 0.006 -6"><span class='ocrx_word' id='word_1_143' title='bbox 476 1987 546 2036; x_wconf 78' lang='lat' dir='ltr'><strong>Ut</strong></span> <span class='ocrx_word' id='word_1_144' title='bbox 564 1988 799 2038; x_wconf 72' lang='lat' dir='ltr'><strong>incertum</strong></span> <span class='ocrx_word' id='word_1_145' title='bbox 832 1994 1005 2038; x_wconf 88' lang='lat' dir='ltr'><strong>autem</strong></span> <span class='ocrx_word' id='word_1_146' title='bbox 1029 2003 1095 2037; x_wconf 85' lang='lat' dir='ltr'><strong>ex</strong></span> <span class='ocrx_word' id='word_1_147' title='bbox 1118 1991 1330 2039; x_wconf 83' lang='lat' dir='ltr'><strong>alterius</strong></span> <span class='ocrx_word' id='word_1_148' title='bbox 1351 1991 1536 2041; x_wconf 88' lang='lat' dir='ltr'><strong>lectio-</strong></span> 
     </span>
     <span class='ocr_line' id='line_1_22' title="bbox 469 2065 1535 2129; baseline 0.008 -18"><span class='ocrx_word' id='word_1_149' title='bbox 469 2065 550 2113; x_wconf 83' lang='lat' dir='ltr'><strong>nis</strong></span> <span class='ocrx_word' id='word_1_150' title='bbox 575 2066 1009 2129; x_wconf 68' lang='lat' dir='ltr'>interpretatione</span> <span class='ocrx_word' id='word_1_151' title='bbox 1035 2077 1210 2116; x_wconf 84' lang='lat' dir='ltr'><strong>natum</strong></span> <span class='ocrx_word' id='word_1_152' title='bbox 1236 2074 1350 2118; x_wconf 72' lang='lat' dir='ltr'><strong>est:</strong></span> <span class='ocrx_word' id='word_1_153' title='bbox 1385 2069 1437 2118; x_wconf 76' lang='lat' dir='ltr'><strong>in</strong></span> <span class='ocrx_word' id='word_1_154' title='bbox 1459 2069 1535 2119; x_wconf 70' lang='lat' dir='ltr'><strong>iu-</strong></span> 
     </span>
     <span class='ocr_line' id='line_1_23' title="bbox 470 2141 1534 2205; baseline 0.005 -16"><span class='ocrx_word' id='word_1_155' title='bbox 470 2149 597 2189; x_wconf 80' lang='lat' dir='ltr'><strong>certo</strong></span> <span class='ocrx_word' id='word_1_156' title='bbox 623 2141 786 2199; x_wconf 75' lang='lat' dir='ltr'><strong>fuerit</strong></span> <span class='ocrx_word' id='word_1_157' title='bbox 832 2142 1038 2191; x_wconf 87' lang='lat' dir='ltr'><strong>omnino</strong></span> <span class='ocrx_word' id='word_1_158' title='bbox 1098 2143 1375 2205; x_wconf 80' lang='lat' dir='ltr'><strong>genuinum</strong></span> <span class='ocrx_word' id='word_1_159' title='bbox 1431 2151 1534 2194; x_wconf 84' lang='lat' dir='ltr'><strong>est.</strong></span> 
     </span>
     <span class='ocr_line' id='line_1_24' title="bbox 470 2218 1537 2286; baseline 0.004 -19"><span class='ocrx_word' id='word_1_160' title='bbox 470 2218 684 2267; x_wconf 76' lang='lat' dir='ltr'><strong>Sallust.</strong></span> <span class='ocrx_word' id='word_1_161' title='bbox 722 2218 774 2267; x_wconf 90' lang='lat' dir='ltr'><strong>in</strong></span> <span class='ocrx_word' id='word_1_162' title='bbox 810 2218 928 2267; x_wconf 88' lang='lat' dir='ltr'><strong>Cat.</strong></span> <span class='ocrx_word' id='word_1_163' title='bbox 965 2233 1015 2269; x_wconf 86' lang='lat' dir='ltr'><strong>e.</strong></span> <span class='ocrx_word' id='word_1_164' title='bbox 1053 2222 1138 2269; x_wconf 86' lang='grc'><strong>41.</strong></span> <span class='ocrx_word' id='word_1_165' title='bbox 1186 2222 1202 2246; x_wconf 90' lang='lat'>‘</span> <span class='ocrx_word' id='word_1_166' title='bbox 1228 2219 1537 2286; x_wconf 73' lang='lat' dir='ltr'><strong>Allobroges</strong></span> 
     </span>
     <span class='ocr_line' id='line_1_25' title="bbox 470 2294 1536 2361; baseline 0.004 -18"><span class='ocrx_word' id='word_1_167' title='bbox 470 2294 562 2344; x_wconf 89' lang='lat' dir='ltr'><strong>diu</strong></span> <span class='ocrx_word' id='word_1_168' title='bbox 586 2295 639 2344; x_wconf 90' lang='lat' dir='ltr'><strong>in</strong></span> <span class='ocrx_word' id='word_1_169' title='bbox 663 2294 865 2344; x_wconf 87' lang='lat' dir='ltr'><strong>incerto</strong></span> <span class='ocrx_word' id='word_1_170' title='bbox 883 2294 1125 2356; x_wconf 82' lang='lat' dir='ltr'><strong>habuere,</strong></span> <span class='ocrx_word' id='word_1_171' title='bbox 1144 2296 1387 2361; x_wconf 85' lang='lat' dir='ltr'><strong>quidnam</strong></span> <span class='ocrx_word' id='word_1_172' title='bbox 1412 2311 1536 2347; x_wconf 90' lang='lat' dir='ltr'><strong>con·</strong></span> 
     </span>
     <span class='ocr_line' id='line_1_26' title="bbox 469 2368 1534 2432; baseline 0.006 -14"><span class='ocrx_word' id='word_1_173' title='bbox 469 2368 570 2423; x_wconf 82' lang='lat' dir='ltr'><strong>sitii</strong></span> <span class='ocrx_word' id='word_1_174' title='bbox 592 2378 845 2432; x_wconf 79' lang='lat' dir='ltr'><strong>caperent</strong></span> <span class='ocrx_word' id='word_1_175' title='bbox 862 2369 895 2418; x_wconf 74' lang='grc' dir='ltr'><strong>ι’</strong></span> <span class='ocrx_word' id='word_1_176' title='bbox 927 2371 1013 2421; x_wconf 84' lang='lat' dir='ltr'><strong>ubi</strong></span> <span class='ocrx_word' id='word_1_177' title='bbox 1034 2371 1285 2421; x_wconf 87' lang='lat' dir='ltr'><strong>videndus</strong></span> <span class='ocrx_word' id='word_1_178' title='bbox 1307 2381 1389 2423; x_wconf 87' lang='lat' dir='ltr'><strong>est</strong></span> <span class='ocrx_word' id='word_1_179' title='bbox 1407 2374 1534 2424; x_wconf 89' lang='lat' dir='ltr'><strong>Cor-</strong></span> 
     </span>
     <span class='ocr_line' id='line_1_27' title="bbox 470 2445 1536 2512; baseline 0.007 -17"><span class='ocrx_word' id='word_1_180' title='bbox 470 2445 592 2496; x_wconf 86' lang='lat' dir='ltr'><strong>tius.</strong></span> <span class='ocrx_word' id='word_1_181' title='bbox 641 2446 786 2496; x_wconf 80' lang='lat' dir='ltr'><strong>Talia</strong></span> <span class='ocrx_word' id='word_1_182' title='bbox 809 2453 951 2504; x_wconf 87' lang='lat' dir='ltr'><strong>sunt,</strong></span> <span class='ocrx_word' id='word_1_183' title='bbox 980 2446 998 2476; x_wconf 90' lang='lat'>‘</span> <span class='ocrx_word' id='word_1_184' title='bbox 1020 2448 1072 2499; x_wconf 87' lang='lat' dir='ltr'><strong>in</strong></span> <span class='ocrx_word' id='word_1_185' title='bbox 1112 2447 1292 2512; x_wconf 84' lang='lat' dir='ltr'><strong>facili‚’</strong></span> <span class='ocrx_word' id='word_1_186' title='bbox 1320 2451 1336 2478; x_wconf 78' lang='lat'><strong>⁴</strong></span> <span class='ocrx_word' id='word_1_187' title='bbox 1364 2448 1414 2499; x_wconf 93' lang='lat' dir='ltr'><strong>in</strong></span> <span class='ocrx_word' id='word_1_188' title='bbox 1439 2450 1536 2502; x_wconf 90' lang='lat' dir='ltr'><strong>du·</strong></span> 
     </span>
     <span class='ocr_line' id='line_1_28' title="bbox 469 2524 1536 2595; baseline 0.006 -21"><span class='ocrx_word' id='word_1_189' title='bbox 469 2524 595 2589; x_wconf 88' lang='lat' dir='ltr'><strong>bio‚’</strong></span> <span class='ocrx_word' id='word_1_190' title='bbox 629 2525 647 2556; x_wconf 77' lang='lat'><strong>⁴</strong></span> <span class='ocrx_word' id='word_1_191' title='bbox 672 2527 723 2575; x_wconf 89' lang='lat' dir='ltr'><strong>iu</strong></span> <span class='ocrx_word' id='word_1_192' title='bbox 747 2527 901 2577; x_wconf 83' lang='lat' dir='ltr'><strong>obvio</strong></span> <span class='ocrx_word' id='word_1_193' title='bbox 924 2527 1077 2591; x_wconf 84' lang='lat' dir='ltr'><strong>esse,’</strong></span> <span class='ocrx_word' id='word_1_194' title='bbox 1098 2529 1389 2594; x_wconf 72' lang='lat' dir='ltr'><strong>similiaque</strong></span> <span class='ocrx_word' id='word_1_195' title='bbox 1415 2531 1536 2595; x_wconf 85' lang='lat' dir='ltr'><strong>alia,</strong></span> 
     </span>
     <span class='ocr_line' id='line_1_29' title="bbox 469 2602 1532 2671; baseline 0.007 -20"><span class='ocrx_word' id='word_1_196' title='bbox 469 2602 537 2651; x_wconf 85' lang='lat' dir='ltr'><strong>de</strong></span> <span class='ocrx_word' id='word_1_197' title='bbox 556 2602 744 2668; x_wconf 85' lang='lat' dir='ltr'><strong>quibus</strong></span> <span class='ocrx_word' id='word_1_198' title='bbox 767 2605 886 2654; x_wconf 79' lang='lat' dir='ltr'><strong>vide</strong></span> <span class='ocrx_word' id='word_1_199' title='bbox 907 2605 971 2654; x_wconf 85' lang='lat' dir='ltr'><strong>ad</strong></span> <span class='ocrx_word' id='word_1_200' title='bbox 994 2605 1105 2655; x_wconf 80' lang='lat' dir='ltr'><strong>Liv.</strong></span> <span class='ocrx_word' id='word_1_201' title='bbox 1124 2607 1160 2656; x_wconf 92' lang='grc'><strong>1.</strong></span> <span class='ocrx_word' id='word_1_202' title='bbox 1184 2619 1270 2655; x_wconf 87' lang='grc' dir='ltr'><strong>ιιι.</strong></span> <span class='ocrx_word' id='word_1_203' title='bbox 1295 2621 1341 2656; x_wconf 86' lang='lat' dir='ltr'><strong>c.</strong></span> <span class='ocrx_word' id='word_1_204' title='bbox 1357 2611 1406 2655; x_wconf 86' lang='lat'><strong>8.</strong></span> <span class='ocrx_word' id='word_1_205' title='bbox 1428 2609 1456 2671; x_wconf 61' lang='grc' dir='ltr'><strong>ς</strong></span> <span class='ocrx_word' id='word_1_206' title='bbox 1482 2611 1532 2658; x_wconf 95' lang='grc'><strong>9.</strong></span> 
     </span>
     <span class='ocr_line' id='line_1_30' title="bbox 469 2678 1533 2734; baseline 0.007 -8"><span class='ocrx_word' id='word_1_207' title='bbox 469 2678 558 2727; x_wconf 87' lang='lat' dir='ltr'><strong>Ita</strong></span> <span class='ocrx_word' id='word_1_208' title='bbox 579 2681 595 2707; x_wconf 77' lang='lat'><strong>⁴</strong></span> <span class='ocrx_word' id='word_1_209' title='bbox 619 2679 672 2728; x_wconf 90' lang='lat' dir='ltr'><strong>in</strong></span> <span class='ocrx_word' id='word_1_210' title='bbox 698 2680 899 2730; x_wconf 83' lang='lat' dir='ltr'><strong>incerto</strong></span> <span class='ocrx_word' id='word_1_211' title='bbox 919 2682 1154 2731; x_wconf 87' lang='lat' dir='ltr'><strong>relictum</strong></span> <span class='ocrx_word' id='word_1_212' title='bbox 1179 2689 1260 2732; x_wconf 92' lang='lat' dir='ltr'><strong>est</strong></span> <span class='ocrx_word' id='word_1_213' title='bbox 1279 2681 1295 2705; x_wconf 79' lang='lat'><strong><em>⁹</em></strong></span> <span class='ocrx_word' id='word_1_214' title='bbox 1330 2697 1456 2732; x_wconf 86' lang='lat' dir='ltr'><strong>vm.</strong></span> <span class='ocrx_word' id='word_1_215' title='bbox 1481 2689 1533 2734; x_wconf 83' lang='lat'><strong>6.</strong></span> 
     </span>
     <span class='ocr_line' id='line_1_31' title="bbox 468 2750 1530 2822; baseline 0.005 -19"><span class='ocrx_word' id='word_1_216' title='bbox 468 2753 486 2781; x_wconf 85' lang='lat'>‘</span> <span class='ocrx_word' id='word_1_217' title='bbox 508 2750 875 2806; x_wconf 79' lang='lat' dir='ltr'><strong>Exanimatum</strong></span> <span class='ocrx_word' id='word_1_218' title='bbox 903 2764 1143 2807; x_wconf 72' lang='lat' dir='ltr'><strong>auctores</strong></span> <span class='ocrx_word' id='word_1_219' title='bbox 1165 2757 1407 2822; x_wconf 83' lang='lat' dir='ltr'><strong>quoniam</strong></span> <span class='ocrx_word' id='word_1_220' title='bbox 1427 2774 1530 2809; x_wconf 88' lang='lat' dir='ltr'><strong>non</strong></span> 
     </span>
     <span class='ocr_line' id='line_1_32' title="bbox 468 2834 1531 2899; baseline 0.005 -19"><span class='ocrx_word' id='word_1_221' title='bbox 468 2844 648 2882; x_wconf 75' lang='lat' dir='ltr'><strong>ornnes</strong></span> <span class='ocrx_word' id='word_1_222' title='bbox 682 2840 822 2893; x_wconf 86' lang='lat' dir='ltr'><strong>suut,</strong></span> <span class='ocrx_word' id='word_1_223' title='bbox 844 2834 966 2883; x_wconf 78' lang='lat' dir='ltr'><strong>milii</strong></span> <span class='ocrx_word' id='word_1_224' title='bbox 997 2847 1201 2899; x_wconf 87' lang='lat' dir='ltr'><strong>quoque</strong></span> <span class='ocrx_word' id='word_1_225' title='bbox 1233 2835 1287 2884; x_wconf 90' lang='lat' dir='ltr'><strong>in</strong></span> <span class='ocrx_word' id='word_1_226' title='bbox 1328 2835 1531 2886; x_wconf 84' lang='lat' dir='ltr'><strong>incerto</strong></span> 
     </span>
     <span class='ocr_line' id='line_1_33' title="bbox 470 2909 840 2960; baseline 0.008 -3"><span class='ocrx_word' id='word_1_227' title='bbox 470 2909 708 2959; x_wconf 85' lang='lat' dir='ltr'><strong>relictum</strong></span> <span class='ocrx_word' id='word_1_228' title='bbox 734 2909 840 2960; x_wconf 83' lang='lat' dir='ltr'><strong>sit.&#39;</strong></span> 
     </span>
    </p>

    <p class='ocr_par' dir='ltr' id='par_1_4' title="bbox 465 2985 1533 3818">
     <span class='ocr_line' id='line_1_34' title="bbox 478 2985 1533 3052; baseline 0.004 -18"><span class='ocrx_word' id='word_1_229' title='bbox 478 3021 483 3024; x_wconf 28' lang='grc' dir='ltr'>ψ</span> <span class='ocrx_word' id='word_1_230' title='bbox 540 2985 792 3050; x_wconf 58' lang='lat' dir='ltr'><strong>weisunt,</strong></span> <span class='ocrx_word' id='word_1_231' title='bbox 815 2986 992 3036; x_wconf 76' lang='lat' dir='ltr'><strong>victine</strong></span> <span class='ocrx_word' id='word_1_232' title='bbox 1023 2989 1200 3052; x_wconf 75' lang='lat' dir='ltr'><strong>essent]</strong></span> <span class='ocrx_word' id='word_1_233' title='bbox 1253 2986 1443 3037; x_wconf 79' lang='lat' dir='ltr'><strong>Victive</strong></span> <span class='ocrx_word' id='word_1_234' title='bbox 1462 3002 1533 3038; x_wconf 80' lang='lat' dir='ltr'><strong>es·</strong></span> 
     </span>
     <span class='ocr_line' id='line_1_35' title="bbox 465 3064 1531 3116; baseline 0.003 -4"><span class='ocrx_word' id='word_1_235' title='bbox 465 3068 569 3112; x_wconf 68' lang='lat' dir='ltr'><strong>aest</strong></span> <span class='ocrx_word' id='word_1_236' title='bbox 591 3064 743 3113; x_wconf 89' lang='lat' dir='ltr'><strong>Port.</strong></span> <span class='ocrx_word' id='word_1_237' title='bbox 762 3080 940 3115; x_wconf 85' lang='lat' dir='ltr'><strong>errore</strong></span> <span class='ocrx_word' id='word_1_238' title='bbox 964 3081 1030 3115; x_wconf 83' lang='lat' dir='ltr'><strong>ex</strong></span> <span class='ocrx_word' id='word_1_239' title='bbox 1055 3065 1395 3116; x_wconf 75' lang='lat' dir='ltr'><strong>similitudine</strong></span> <span class='ocrx_word' id='word_1_240' title='bbox 1411 3068 1531 3116; x_wconf 89' lang='lat' dir='ltr'><strong>lite·</strong></span> 
     </span>
     <span class='ocr_line' id='line_1_36' title="bbox 468 3141 1532 3207; baseline 0.004 -20"><span class='ocrx_word' id='word_1_241' title='bbox 468 3154 640 3189; x_wconf 87' lang='lat' dir='ltr'><strong>rarum</strong></span> <span class='ocrx_word' id='word_1_242' title='bbox 657 3156 686 3189; x_wconf 87' lang='grc' dir='ltr'><strong>ιι</strong></span> <span class='ocrx_word' id='word_1_243' title='bbox 704 3146 760 3190; x_wconf 89' lang='lat' dir='ltr'><strong>et</strong></span> <span class='ocrx_word' id='word_1_244' title='bbox 782 3156 814 3189; x_wconf 83' lang='grc' dir='ltr'><strong>ιι</strong></span> <span class='ocrx_word' id='word_1_245' title='bbox 830 3141 882 3190; x_wconf 87' lang='lat' dir='ltr'><strong>in</strong></span> <span class='ocrx_word' id='word_1_246' title='bbox 899 3142 1157 3204; x_wconf 83' lang='lat' dir='ltr'><strong>scriptura</strong></span> <span class='ocrx_word' id='word_1_247' title='bbox 1172 3142 1532 3207; x_wconf 79' lang='lat' dir='ltr'><strong>Lougobardi·</strong></span> 
     </span>
     <span class='ocr_line' id='line_1_37' title="bbox 469 3215 1532 3267; baseline 0.002 -4"><span class='ocrx_word' id='word_1_248' title='bbox 469 3225 685 3266; x_wconf 79' lang='lat' dir='ltr'><strong>cauato.</strong></span> <span class='ocrx_word' id='word_1_249' title='bbox 706 3215 954 3266; x_wconf 81' lang='lat' dir='ltr'><strong>Similiter</strong></span> <span class='ocrx_word' id='word_1_250' title='bbox 972 3224 1178 3267; x_wconf 80' lang='lat' dir='ltr'><strong>erratur</strong></span> <span class='ocrx_word' id='word_1_251' title='bbox 1195 3217 1349 3267; x_wconf 88' lang='lat' dir='ltr'><strong>etiam</strong></span> <span class='ocrx_word' id='word_1_252' title='bbox 1373 3232 1433 3267; x_wconf 90' lang='grc' dir='ltr'><strong>ιι.</strong></span> <span class='ocrx_word' id='word_1_253' title='bbox 1446 3222 1532 3267; x_wconf 70' lang='grc'><strong>40.</strong></span> 
     </span>
     <span class='ocr_line' id='line_1_38' title="bbox 466 3292 1532 3359; baseline 0.002 -17"><span class='ocrx_word' id='word_1_254' title='bbox 466 3294 492 3355; x_wconf 87' lang='lat'><em>§</em></span> <span class='ocrx_word' id='word_1_255' title='bbox 515 3296 595 3342; x_wconf 92' lang='grc'><strong>13.</strong></span> <span class='ocrx_word' id='word_1_256' title='bbox 621 3292 719 3343; x_wconf 86' lang='lat' dir='ltr'><strong>hoc</strong></span> <span class='ocrx_word' id='word_1_257' title='bbox 742 3293 832 3343; x_wconf 87' lang='lat' dir='ltr'><strong>lib.</strong></span> <span class='ocrx_word' id='word_1_258' title='bbox 860 3307 907 3343; x_wconf 87' lang='lat' dir='ltr'><strong>c.</strong></span> <span class='ocrx_word' id='word_1_259' title='bbox 927 3299 1007 3345; x_wconf 85' lang='grc'><strong>54.</strong></span> <span class='ocrx_word' id='word_1_260' title='bbox 1029 3294 1055 3357; x_wconf 85' lang='lat'>§</span> <span class='ocrx_word' id='word_1_261' title='bbox 1078 3298 1123 3343; x_wconf 88' lang='lat'><strong>1.</strong></span> <span class='ocrx_word' id='word_1_262' title='bbox 1169 3308 1248 3343; x_wconf 81' lang='lat' dir='ltr'><strong>vr.</strong></span> <span class='ocrx_word' id='word_1_263' title='bbox 1283 3298 1362 3346; x_wconf 81' lang='grc'><strong>14.</strong></span> <span class='ocrx_word' id='word_1_264' title='bbox 1386 3297 1415 3359; x_wconf 82' lang='lat'>§</span> <span class='ocrx_word' id='word_1_265' title='bbox 1451 3299 1532 3344; x_wconf 84' lang='lat'><strong>10.</strong></span> 
     </span>
     <span class='ocr_line' id='line_1_39' title="bbox 469 3370 1530 3434; baseline 0.003 -17"><span class='ocrx_word' id='word_1_266' title='bbox 469 3373 666 3420; x_wconf 73' lang='lat' dir='ltr'><strong>viu-⁷.</strong></span> <span class='ocrx_word' id='word_1_267' title='bbox 701 3371 729 3434; x_wconf 61' lang='grc' dir='ltr'><strong>ξ</strong></span> <span class='ocrx_word' id='word_1_268' title='bbox 769 3374 816 3418; x_wconf 84' lang='grc'><strong>4.</strong></span> <span class='ocrx_word' id='word_1_269' title='bbox 848 3385 910 3420; x_wconf 80' lang='lat' dir='ltr'><strong>ac.</strong></span> <span class='ocrx_word' id='word_1_270' title='bbox 945 3370 1178 3432; x_wconf 85' lang='lat' dir='ltr'><strong>pluribus</strong></span> <span class='ocrx_word' id='word_1_271' title='bbox 1219 3372 1365 3421; x_wconf 76' lang='lat' dir='ltr'><strong>locis‘.</strong></span> <span class='ocrx_word' id='word_1_272' title='bbox 1431 3371 1530 3420; x_wconf 83' lang='lat' dir='ltr'><strong>Vel</strong></span> 
     </span>
     <span class='ocr_line' id='line_1_40' title="bbox 468 3446 1529 3512; baseline 0.002 -17"><span class='ocrx_word' id='word_1_273' title='bbox 468 3446 630 3495; x_wconf 79' lang='lat' dir='ltr'><strong>etism</strong></span> <span class='ocrx_word' id='word_1_274' title='bbox 661 3447 872 3497; x_wconf 85' lang='lat' dir='ltr'><strong>librario</strong></span> <span class='ocrx_word' id='word_1_275' title='bbox 909 3447 1197 3511; x_wconf 86' lang='lat' dir='ltr'><strong>displicuit,</strong></span> <span class='ocrx_word' id='word_1_276' title='bbox 1221 3447 1529 3512; x_wconf 77' lang='lat' dir='ltr'><strong>particulam</strong></span> 
     </span>
     <span class='ocr_line' id='line_1_41' title="bbox 467 3524 1532 3590; baseline 0.003 -17"><span class='ocrx_word' id='word_1_277' title='bbox 467 3524 736 3574; x_wconf 83' lang='lat' dir='ltr'><strong>dubitandi</strong></span> <span class='ocrx_word' id='word_1_278' title='bbox 761 3525 922 3589; x_wconf 84' lang='lat' dir='ltr'><strong>priori</strong></span> <span class='ocrx_word' id='word_1_279' title='bbox 945 3526 1061 3575; x_wconf 86' lang='lat' dir='ltr'><strong>loco</strong></span> <span class='ocrx_word' id='word_1_280' title='bbox 1085 3526 1271 3575; x_wconf 87' lang='lat' dir='ltr'><strong>omitti.</strong></span> <span class='ocrx_word' id='word_1_281' title='bbox 1316 3527 1401 3575; x_wconf 87' lang='lat' dir='ltr'><strong>De</strong></span> <span class='ocrx_word' id='word_1_282' title='bbox 1427 3540 1532 3590; x_wconf 88' lang='lat' dir='ltr'><strong>quo</strong></span> 
     </span>
     <span class='ocr_line' id='line_1_42' title="bbox 469 3600 1530 3667; baseline 0.003 -19"><span class='ocrx_word' id='word_1_283' title='bbox 469 3602 586 3651; x_wconf 78' lang='lat' dir='ltr'><strong>vide</strong></span> <span class='ocrx_word' id='word_1_284' title='bbox 610 3601 674 3650; x_wconf 84' lang='lat' dir='ltr'><strong>ad</strong></span> <span class='ocrx_word' id='word_1_285' title='bbox 701 3616 764 3652; x_wconf 83' lang='grc' dir='ltr'><strong>ιι.</strong></span> <span class='ocrx_word' id='word_1_286' title='bbox 786 3606 835 3651; x_wconf 83' lang='grc'><strong>8.</strong></span> <span class='ocrx_word' id='word_1_287' title='bbox 857 3605 885 3667; x_wconf 80' lang='lat'>§</span> <span class='ocrx_word' id='word_1_288' title='bbox 909 3606 960 3652; x_wconf 88' lang='lat'><strong>8.</strong></span> <span class='ocrx_word' id='word_1_289' title='bbox 995 3600 1139 3652; x_wconf 86' lang='lat' dir='ltr'><strong>Infra</strong></span> <span class='ocrx_word' id='word_1_290' title='bbox 1163 3616 1267 3653; x_wconf 81' lang='lat' dir='ltr'><strong>vn.</strong></span> <span class='ocrx_word' id='word_1_291' title='bbox 1298 3606 1378 3651; x_wconf 87' lang='grc'><strong>25.</strong></span> <span class='ocrx_word' id='word_1_292' title='bbox 1413 3611 1428 3632; x_wconf 84' lang='lat'><em>‘</em></span> <span class='ocrx_word' id='word_1_293' title='bbox 1454 3603 1530 3652; x_wconf 91' lang='lat' dir='ltr'><strong>Ut</strong></span> 
     </span>
     <span class='ocr_line' id='line_1_43' title="bbox 467 3678 1531 3742; baseline 0.002 -16"><span class='ocrx_word' id='word_1_294' title='bbox 467 3678 616 3728; x_wconf 86' lang='lat' dir='ltr'><strong>dubii</strong></span> <span class='ocrx_word' id='word_1_295' title='bbox 663 3679 1016 3738; x_wconf 82' lang='lat' dir='ltr'><strong>discesserint,</strong></span> <span class='ocrx_word' id='word_1_296' title='bbox 1064 3679 1115 3729; x_wconf 93' lang='lat' dir='ltr'><strong>in</strong></span> <span class='ocrx_word' id='word_1_297' title='bbox 1154 3687 1328 3730; x_wconf 83' lang='lat' dir='ltr'><strong>castra</strong></span> <span class='ocrx_word' id='word_1_298' title='bbox 1367 3679 1531 3742; x_wconf 81' lang='lat' dir='ltr'><strong>Galli,</strong></span> 
     </span>
     <span class='ocr_line' id='line_1_44' title="bbox 468 3754 1530 3818; baseline -0.001 -13"><span class='ocrx_word' id='word_1_299' title='bbox 468 3754 643 3805; x_wconf 79' lang='lat' dir='ltr'><strong>Graeci</strong></span> <span class='ocrx_word' id='word_1_300' title='bbox 670 3764 813 3806; x_wconf 84' lang='lat' dir='ltr'><strong>retro</strong></span> <span class='ocrx_word' id='word_1_301' title='bbox 846 3756 911 3806; x_wconf 86' lang='lat' dir='ltr'><strong>ad</strong></span> <span class='ocrx_word' id='word_1_302' title='bbox 946 3768 1122 3818; x_wconf 84' lang='lat' dir='ltr'><strong>naves,</strong></span> <span class='ocrx_word' id='word_1_303' title='bbox 1157 3757 1322 3805; x_wconf 80' lang='lat' dir='ltr'><strong>victos</strong></span> <span class='ocrx_word' id='word_1_304' title='bbox 1354 3769 1429 3811; x_wconf 88' lang='lat' dir='ltr'><strong>se,</strong></span> <span class='ocrx_word' id='word_1_305' title='bbox 1462 3769 1530 3804; x_wconf 88' lang='lat' dir='ltr'><strong>an</strong></span> 
     </span>
    </p>
   </div>
   <div class='ocr_carea' id='block_1_3' title="bbox 391 3830 1533 3896">
    <p class='ocr_par' dir='ltr' id='par_1_5' title="bbox 391 3830 1533 3896">
     <span class='ocr_line' id='line_1_45' title="bbox 391 3830 1533 3896; baseline 0.002 -18"><span class='ocrx_word' id='word_1_306' title='bbox 391 3857 411 3869; x_wconf 84' lang='lat'>-</span> <span class='ocrx_word' id='word_1_307' title='bbox 468 3832 692 3880; x_wconf 80' lang='lat' dir='ltr'><strong>victores</strong></span> <span class='ocrx_word' id='word_1_308' title='bbox 714 3830 997 3896; x_wconf 83' lang='lat' dir='ltr'><strong>putarent.’</strong></span> <span class='ocrx_word' id='word_1_309' title='bbox 1064 3831 1182 3880; x_wconf 87' lang='lat' dir='ltr'><strong>Val.</strong></span> <span class='ocrx_word' id='word_1_310' title='bbox 1200 3833 1345 3881; x_wconf 84' lang='lat' dir='ltr'><strong>Max.</strong></span> <span class='ocrx_word' id='word_1_311' title='bbox 1367 3844 1457 3880; x_wconf 87' lang='grc' dir='ltr'><strong>ιιι.</strong></span> <span class='ocrx_word' id='word_1_312' title='bbox 1479 3834 1533 3880; x_wconf 89' lang='grc'><strong>2.</strong></span> 
     </span>
    </p>
   </div>
   <div class='ocr_carea' id='block_1_4' title="bbox 465 3906 1532 4355">
    <p class='ocr_par' dir='ltr' id='par_1_6' title="bbox 467 3906 1532 4123">
     <span class='ocr_line' id='line_1_46' title="bbox 467 3906 1531 3970; baseline 0.001 -16"><span class='ocrx_word' id='word_1_313' title='bbox 467 3919 551 3955; x_wconf 73' lang='lat' dir='ltr'><strong>ex.</strong></span> <span class='ocrx_word' id='word_1_314' title='bbox 565 3910 615 3954; x_wconf 94' lang='grc'><strong>8.</strong></span> <span class='ocrx_word' id='word_1_315' title='bbox 648 3909 664 3936; x_wconf 89' lang='lat'>‘</span> <span class='ocrx_word' id='word_1_316' title='bbox 685 3908 946 3970; x_wconf 85' lang='lat' dir='ltr'><strong>Victores,</strong></span> <span class='ocrx_word' id='word_1_317' title='bbox 960 3922 1024 3957; x_wconf 90' lang='lat' dir='ltr'><strong>an</strong></span> <span class='ocrx_word' id='word_1_318' title='bbox 1043 3907 1165 3957; x_wconf 84' lang='lat' dir='ltr'><strong>victi</strong></span> <span class='ocrx_word' id='word_1_319' title='bbox 1183 3906 1531 3970; x_wconf 77' lang='lat' dir='ltr'><strong>discederent,</strong></span> 
     </span>
     <span class='ocr_line' id='line_1_47' title="bbox 467 3980 1532 4043; baseline 0.005 -14"><span class='ocrx_word' id='word_1_320' title='bbox 467 3982 654 4032; x_wconf 83' lang='lat' dir='ltr'><strong>incerti</strong></span> <span class='ocrx_word' id='word_1_321' title='bbox 675 3980 984 4043; x_wconf 68' lang='lat' dir='ltr'><strong>&#39;abieruntt’</strong></span> <span class='ocrx_word' id='word_1_322' title='bbox 1018 3985 1094 4034; x_wconf 86' lang='lat' dir='ltr'><strong>ita</strong></span> <span class='ocrx_word' id='word_1_323' title='bbox 1126 3985 1261 4034; x_wconf 80' lang='lat' dir='ltr'><strong>malo</strong></span> <span class='ocrx_word' id='word_1_324' title='bbox 1296 3997 1364 4033; x_wconf 75' lang='lat' dir='ltr'><strong>ex</strong></span> <span class='ocrx_word' id='word_1_325' title='bbox 1401 3984 1532 4033; x_wconf 63' lang='grc' dir='ltr'><strong>Μαι.</strong></span> 
     </span>
     <span class='ocr_line' id='line_1_48' title="bbox 467 4057 1029 4123; baseline 0.009 -18"><span class='ocrx_word' id='word_1_326' title='bbox 467 4057 607 4106; x_wconf 83' lang='lat' dir='ltr'><strong>Vide</strong></span> <span class='ocrx_word' id='word_1_327' title='bbox 628 4058 694 4107; x_wconf 86' lang='lat' dir='ltr'><strong>ad</strong></span> <span class='ocrx_word' id='word_1_328' title='bbox 711 4072 793 4106; x_wconf 77' lang='grc' dir='ltr'><strong>ιν.</strong></span> <span class='ocrx_word' id='word_1_329' title='bbox 816 4064 900 4108; x_wconf 82' lang='grc'><strong>55.</strong></span> <span class='ocrx_word' id='word_1_330' title='bbox 924 4061 953 4123; x_wconf 82' lang='lat'>§</span> <span class='ocrx_word' id='word_1_331' title='bbox 977 4063 1029 4110; x_wconf 83' lang='lat'><strong>8.</strong></span> 
     </span>
    </p>

    <p class='ocr_par' dir='ltr' id='par_1_7' title="bbox 465 4134 1529 4355">
     <span class='ocr_line' id='line_1_49' title="bbox 531 4134 1529 4202; baseline 0.005 -21"><span class='ocrx_word' id='word_1_332' title='bbox 531 4136 606 4198; x_wconf 79' lang='lat'><strong>§6</strong></span> <span class='ocrx_word' id='word_1_333' title='bbox 626 4134 942 4191; x_wconf 73' lang='lat' dir='ltr'><strong>C.AEmilius,</strong></span> <span class='ocrx_word' id='word_1_334' title='bbox 958 4135 1045 4199; x_wconf 78' lang='lat' dir='ltr'><strong>Sp.</strong></span> <span class='ocrx_word' id='word_1_335' title='bbox 1060 4136 1360 4202; x_wconf 71' lang='lat' dir='ltr'><strong>Postumius]</strong></span> <span class='ocrx_word' id='word_1_336' title='bbox 1383 4138 1529 4186; x_wconf 64' lang='lat' dir='ltr'><strong>Cluu-</strong></span> 
     </span>
     <span class='ocr_line' id='line_1_50' title="bbox 465 4211 1529 4264; baseline 0.003 -5"><span class='ocrx_word' id='word_1_337' title='bbox 465 4211 573 4259; x_wconf 77' lang='lat' dir='ltr'><strong>dius</strong></span> <span class='ocrx_word' id='word_1_338' title='bbox 582 4211 810 4260; x_wconf 76' lang='lat' dir='ltr'><strong>AEmilias</strong></span> <span class='ocrx_word' id='word_1_339' title='bbox 822 4211 941 4261; x_wconf 89' lang='lat' dir='ltr'><strong>edd.</strong></span> <span class='ocrx_word' id='word_1_340' title='bbox 959 4212 1108 4262; x_wconf 89' lang='lat' dir='ltr'><strong>Rom.</strong></span> <span class='ocrx_word' id='word_1_341' title='bbox 1123 4217 1269 4263; x_wconf 88' lang='grc'><strong>1472.</strong></span> <span class='ocrx_word' id='word_1_342' title='bbox 1284 4222 1337 4264; x_wconf 86' lang='lat' dir='ltr'><strong>et</strong></span> <span class='ocrx_word' id='word_1_343' title='bbox 1351 4215 1529 4264; x_wconf 88' lang='lat' dir='ltr'><strong>Parm.</strong></span> 
     </span>
     <span class='ocr_line' id='line_1_51' title="bbox 465 4287 1527 4355; baseline 0.004 -18"><span class='ocrx_word' id='word_1_344' title='bbox 465 4288 601 4337; x_wconf 80' lang='lat' dir='ltr'><strong>Vide</strong></span> <span class='ocrx_word' id='word_1_345' title='bbox 625 4288 688 4352; x_wconf 72' lang='lat' dir='ltr'><strong>jad</strong></span> <span class='ocrx_word' id='word_1_346' title='bbox 714 4302 768 4339; x_wconf 70' lang='grc' dir='ltr'><strong>ν.</strong></span> <span class='ocrx_word' id='word_1_347' title='bbox 792 4292 874 4339; x_wconf 87' lang='grc'><strong>26.</strong></span> <span class='ocrx_word' id='word_1_348' title='bbox 895 4290 923 4353; x_wconf 78' lang='lat'>§</span> <span class='ocrx_word' id='word_1_349' title='bbox 948 4292 997 4339; x_wconf 87' lang='grc'><strong>2.</strong></span> <span class='ocrx_word' id='word_1_350' title='bbox 1045 4287 1147 4339; x_wconf 87' lang='lat' dir='ltr'><strong>Sed</strong></span> <span class='ocrx_word' id='word_1_351' title='bbox 1173 4289 1364 4341; x_wconf 83' lang='lat' dir='ltr'><strong>AEmilii</strong></span> <span class='ocrx_word' id='word_1_352' title='bbox 1390 4305 1527 4355; x_wconf 82' lang='lat' dir='ltr'><strong>prae·</strong></span> 
     </span>
    </p>
   </div>
   <div class='ocr_carea' id='block_1_5' title="bbox 1178 388 1988 441">
    <p class='ocr_par' dir='ltr' id='par_1_8' title="bbox 1178 388 1988 441">
     <span class='ocr_line' id='line_1_52' title="bbox 1178 388 1988 441; baseline 0 -1"><span class='ocrx_word' id='word_1_353' title='bbox 1178 388 1398 440; x_wconf 63' lang='lat' dir='ltr'><strong>⁸0⁹1·AE</strong></span> <span class='ocrx_word' id='word_1_354' title='bbox 1447 388 1856 440; x_wconf 64' lang='lat' dir='ltr'><strong>vitumnus!</strong></span> <span class='ocrx_word' id='word_1_355' title='bbox 1906 390 1988 441; x_wconf 73' lang='lat' dir='ltr'><strong>nt</strong></span> 
     </span>
    </p>
   </div>
   <div class='ocr_carea' id='block_1_6' title="bbox 1602 533 2742 4357">
    <p class='ocr_par' dir='ltr' id='par_1_9' title="bbox 1619 533 2684 1061">
     <span class='ocr_line' id='line_1_53' title="bbox 1623 533 2682 599; baseline 0.002 -17"><span class='ocrx_word' id='word_1_356' title='bbox 1623 546 1809 583; x_wconf 85' lang='lat' dir='ltr'><strong>nomen</strong></span> <span class='ocrx_word' id='word_1_357' title='bbox 1832 547 1935 584; x_wconf 87' lang='lat' dir='ltr'><strong>nou</strong></span> <span class='ocrx_word' id='word_1_358' title='bbox 1956 540 2224 597; x_wconf 84' lang='lat' dir='ltr'><strong>comparet</strong></span> <span class='ocrx_word' id='word_1_359' title='bbox 2255 533 2308 583; x_wconf 89' lang='lat' dir='ltr'><strong>in</strong></span> <span class='ocrx_word' id='word_1_360' title='bbox 2329 533 2432 585; x_wconf 83' lang='lat' dir='ltr'><strong>illis</strong></span> <span class='ocrx_word' id='word_1_361' title='bbox 2453 547 2567 599; x_wconf 60' lang='lat' dir='ltr'><strong>qna</strong></span> <span class='ocrx_word' id='word_1_362' title='bbox 2587 534 2682 585; x_wconf 81' lang='lat' dir='ltr'><strong>bas</strong></span> 
     </span>
     <span class='ocr_line' id='line_1_54' title="bbox 1625 612 2684 679; baseline 0 -19"><span class='ocrx_word' id='word_1_363' title='bbox 1625 612 1933 661; x_wconf 83' lang='lat' dir='ltr'><strong>vetustiores</strong></span> <span class='ocrx_word' id='word_1_364' title='bbox 1955 620 2259 679; x_wconf 83' lang='lat' dir='ltr'><strong>sequuntur.</strong></span> <span class='ocrx_word' id='word_1_365' title='bbox 2311 612 2384 663; x_wconf 85' lang='lat' dir='ltr'><strong>At</strong></span> <span class='ocrx_word' id='word_1_366' title='bbox 2406 618 2552 662; x_wconf 86' lang='lat' dir='ltr'><strong>recte</strong></span> <span class='ocrx_word' id='word_1_367' title='bbox 2576 613 2684 676; x_wconf 88' lang='lat' dir='ltr'><strong>pri·</strong></span> 
     </span>
     <span class='ocr_line' id='line_1_55' title="bbox 1622 688 2683 754; baseline 0.001 -18"><span class='ocrx_word' id='word_1_368' title='bbox 1622 701 1734 737; x_wconf 88' lang='lat' dir='ltr'><strong>mns</strong></span> <span class='ocrx_word' id='word_1_369' title='bbox 1756 688 1925 738; x_wconf 87' lang='lat' dir='ltr'><strong>Aldus</strong></span> <span class='ocrx_word' id='word_1_370' title='bbox 1947 691 2177 754; x_wconf 81' lang='lat' dir='ltr'><strong>reposuit</strong></span> <span class='ocrx_word' id='word_1_371' title='bbox 2210 691 2269 740; x_wconf 85' lang='lat' dir='ltr'><strong>G.</strong></span> <span class='ocrx_word' id='word_1_372' title='bbox 2294 691 2542 751; x_wconf 74' lang='lat' dir='ltr'><strong>AEmilius,</strong></span> <span class='ocrx_word' id='word_1_373' title='bbox 2563 703 2683 738; x_wconf 84' lang='lat' dir='ltr'><strong>cnm</strong></span> 
     </span>
     <span class='ocr_line' id='line_1_56' title="bbox 1624 765 2684 832; baseline -0.001 -16"><span class='ocrx_word' id='word_1_374' title='bbox 1624 781 1724 830; x_wconf 83' lang='lat' dir='ltr'><strong>qno</strong></span> <span class='ocrx_word' id='word_1_375' title='bbox 1740 768 1898 817; x_wconf 82' lang='lat' dir='ltr'><strong>etiam</strong></span> <span class='ocrx_word' id='word_1_376' title='bbox 1912 765 2113 818; x_wconf 82' lang='lat' dir='ltr'><strong>faciunt</strong></span> <span class='ocrx_word' id='word_1_377' title='bbox 2130 782 2331 830; x_wconf 82' lang='lat' dir='ltr'><strong>omnes,</strong></span> <span class='ocrx_word' id='word_1_378' title='bbox 2344 766 2531 832; x_wconf 85' lang='lat' dir='ltr'><strong>quibus</strong></span> <span class='ocrx_word' id='word_1_379' title='bbox 2547 773 2684 830; x_wconf 87' lang='lat' dir='ltr'><strong>utor,</strong></span> 
     </span>
     <span class='ocr_line' id='line_1_57' title="bbox 1621 842 2684 907; baseline -0.001 -15"><span class='ocrx_word' id='word_1_380' title='bbox 1621 842 1775 892; x_wconf 85' lang='lat' dir='ltr'><strong>codd.</strong></span> <span class='ocrx_word' id='word_1_381' title='bbox 1844 845 1913 894; x_wconf 90' lang='lat' dir='ltr'><strong>Et</strong></span> <span class='ocrx_word' id='word_1_382' title='bbox 1950 858 2075 893; x_wconf 82' lang='lat' dir='ltr'><strong>sane</strong></span> <span class='ocrx_word' id='word_1_383' title='bbox 2109 858 2203 893; x_wconf 85' lang='lat' dir='ltr'><strong>cur</strong></span> <span class='ocrx_word' id='word_1_384' title='bbox 2230 844 2465 893; x_wconf 84' lang='lat' dir='ltr'><strong>AEmilius</strong></span> <span class='ocrx_word' id='word_1_385' title='bbox 2488 857 2684 907; x_wconf 84' lang='lat' dir='ltr'><strong>cogno·</strong></span> 
     </span>
     <span class='ocr_line' id='line_1_58' title="bbox 1619 919 2681 985; baseline 0.004 -18"><span class='ocrx_word' id='word_1_386' title='bbox 1619 919 1770 968; x_wconf 88' lang='lat' dir='ltr'><strong>mine·</strong></span> <span class='ocrx_word' id='word_1_387' title='bbox 1797 920 2114 984; x_wconf 75' lang='lat' dir='ltr'><strong>privaretur,</strong></span> <span class='ocrx_word' id='word_1_388' title='bbox 2147 921 2285 985; x_wconf 85' lang='lat' dir='ltr'><strong>quod</strong></span> <span class='ocrx_word' id='word_1_389' title='bbox 2316 921 2367 970; x_wconf 90' lang='lat' dir='ltr'><strong>in</strong></span> <span class='ocrx_word' id='word_1_390' title='bbox 2405 919 2681 971; x_wconf 87' lang='lat' dir='ltr'><strong>Postumio</strong></span> 
     </span>
     <span class='ocr_line' id='line_1_59' title="bbox 1621 997 2271 1061; baseline 0.002 -15"><span class='ocrx_word' id='word_1_391' title='bbox 1621 997 1825 1061; x_wconf 78' lang='lat' dir='ltr'><strong>collega</strong></span> <span class='ocrx_word' id='word_1_392' title='bbox 1849 1011 1953 1047; x_wconf 89' lang='lat' dir='ltr'><strong>nou</strong></span> <span class='ocrx_word' id='word_1_393' title='bbox 1976 998 2271 1048; x_wconf 85' lang='lat' dir='ltr'><strong>omittitur?</strong></span> 
     </span>
    </p>

    <p class='ocr_par' dir='ltr' id='par_1_10' title="bbox 1606 1072 2684 2284">
     <span class='ocr_line' id='line_1_60' title="bbox 1684 1072 2680 1136; baseline 0 -15"><span class='ocrx_word' id='word_1_394' title='bbox 1684 1073 1856 1123; x_wconf 84' lang='lat' dir='ltr'><strong>Primo</strong></span> <span class='ocrx_word' id='word_1_395' title='bbox 1912 1087 2012 1123; x_wconf 79' lang='lat' dir='ltr'><strong>rem</strong></span> <span class='ocrx_word' id='word_1_396' title='bbox 2059 1073 2365 1124; x_wconf 72' lang='lat' dir='ltr'><strong>communiter</strong></span> <span class='ocrx_word' id='word_1_397' title='bbox 2400 1072 2680 1136; x_wconf 71' lang='lat' dir='ltr'><strong>gesserunt]</strong></span> 
     </span>
     <span class='ocr_line' id='line_1_61' title="bbox 1619 1146 2680 1213; baseline 0.001 -15"><span class='ocrx_word' id='word_1_398' title='bbox 1619 1146 1772 1211; x_wconf 72' lang='grc' dir='ltr'><strong>Ε’ὅιιε,</strong></span> <span class='ocrx_word' id='word_1_399' title='bbox 1794 1163 1887 1213; x_wconf 89' lang='lat' dir='ltr'><strong>pro</strong></span> <span class='ocrx_word' id='word_1_400' title='bbox 1918 1163 2037 1211; x_wconf 67' lang='lat' dir='ltr'><strong>rein,</strong></span> <span class='ocrx_word' id='word_1_401' title='bbox 2069 1150 2203 1198; x_wconf 90' lang='lat' dir='ltr'><strong>male</strong></span> <span class='ocrx_word' id='word_1_402' title='bbox 2240 1148 2375 1198; x_wconf 81' lang='lat' dir='ltr'><strong>Hav.</strong></span> <span class='ocrx_word' id='word_1_403' title='bbox 2428 1149 2572 1199; x_wconf 85' lang='lat' dir='ltr'><strong>Hine</strong></span> <span class='ocrx_word' id='word_1_404' title='bbox 2605 1150 2680 1199; x_wconf 78' lang='lat' dir='ltr'><strong>in·</strong></span> 
     </span>
     <span class='ocr_line' id='line_1_62' title="bbox 1616 1225 2680 1290; baseline -0.001 -15"><span class='ocrx_word' id='word_1_405' title='bbox 1616 1225 1924 1275; x_wconf 58' lang='lat' dir='ltr'><strong>“mutter</strong></span> <span class='ocrx_word' id='word_1_406' title='bbox 1960 1226 2100 1275; x_wconf 87' lang='lat' dir='ltr'><strong>Flor.</strong></span> <span class='ocrx_word' id='word_1_407' title='bbox 2148 1225 2252 1275; x_wconf 79' lang='lat' dir='ltr'><strong>Sed</strong></span> <span class='ocrx_word' id='word_1_408' title='bbox 2293 1225 2458 1288; x_wconf 88' lang='lat' dir='ltr'><strong>prima</strong></span> <span class='ocrx_word' id='word_1_409' title='bbox 2478 1225 2680 1290; x_wconf 79' lang='lat' dir='ltr'><strong>syllaba</strong></span> 
     </span>
     <span class='ocr_line' id='line_1_63' title="bbox 1617 1301 2681 1366; baseline -0.001 -14"><span class='ocrx_word' id='word_1_410' title='bbox 1617 1301 1733 1366; x_wconf 88' lang='lat' dir='ltr'><strong>ejus</strong></span> <span class='ocrx_word' id='word_1_411' title='bbox 1754 1301 1897 1352; x_wconf 85' lang='lat' dir='ltr'><strong>vocis</strong></span> <span class='ocrx_word' id='word_1_412' title='bbox 1919 1309 2042 1352; x_wconf 82' lang='lat' dir='ltr'><strong>nata</strong></span> <span class='ocrx_word' id='word_1_413' title='bbox 2065 1311 2142 1351; x_wconf 90' lang='lat' dir='ltr'><strong>est</strong></span> <span class='ocrx_word' id='word_1_414' title='bbox 2166 1316 2231 1351; x_wconf 81' lang='lat' dir='ltr'><strong>ex</strong></span> <span class='ocrx_word' id='word_1_415' title='bbox 2253 1301 2406 1352; x_wconf 88' lang='lat' dir='ltr'><strong>iitera</strong></span> <span class='ocrx_word' id='word_1_416' title='bbox 2425 1301 2566 1352; x_wconf 85' lang='lat' dir='ltr'><strong>finali</strong></span> <span class='ocrx_word' id='word_1_417' title='bbox 2592 1317 2681 1351; x_wconf 77' lang='lat' dir='ltr'><strong>vo·</strong></span> 
     </span>
     <span class='ocr_line' id='line_1_64' title="bbox 1616 1375 2678 1441; baseline -0.002 -14"><span class='ocrx_word' id='word_1_418' title='bbox 1616 1379 1691 1427; x_wconf 83' lang='lat' dir='ltr'><strong>cis</strong></span> <span class='ocrx_word' id='word_1_419' title='bbox 1716 1375 1944 1441; x_wconf 77' lang='lat' dir='ltr'><strong>praeced.</strong></span> <span class='ocrx_word' id='word_1_420' title='bbox 1977 1376 2117 1426; x_wconf 87' lang='lat' dir='ltr'><strong>Vide</strong></span> <span class='ocrx_word' id='word_1_421' title='bbox 2142 1377 2207 1427; x_wconf 92' lang='lat' dir='ltr'><strong>ad</strong></span> <span class='ocrx_word' id='word_1_422' title='bbox 2229 1394 2282 1429; x_wconf 85' lang='lat' dir='ltr'><strong>v.</strong></span> <span class='ocrx_word' id='word_1_423' title='bbox 2302 1379 2429 1441; x_wconf 71' lang='lat'><strong>23.§</strong></span> <span class='ocrx_word' id='word_1_424' title='bbox 2452 1383 2501 1427; x_wconf 87' lang='grc'><strong>5.</strong></span> <span class='ocrx_word' id='word_1_425' title='bbox 2546 1378 2678 1426; x_wconf 80' lang='lat' dir='ltr'><strong>Mox</strong></span> 
     </span>
     <span class='ocr_line' id='line_1_65' title="bbox 1616 1452 2680 1513; baseline 0.001 -12"><span class='ocrx_word' id='word_1_426' title='bbox 1616 1466 1717 1502; x_wconf 82' lang='lat' dir='ltr'><strong>non</strong></span> <span class='ocrx_word' id='word_1_427' title='bbox 1735 1454 1917 1503; x_wconf 85' lang='lat' dir='ltr'><strong>melius</strong></span> <span class='ocrx_word' id='word_1_428' title='bbox 1935 1452 2073 1503; x_wconf 72' lang='lat' dir='ltr'><strong>Htw.</strong></span> <span class='ocrx_word' id='word_1_429' title='bbox 2094 1453 2228 1513; x_wconf 71' lang='lat' dir='ltr'><strong>susis</strong></span> <span class='ocrx_word' id='word_1_430' title='bbox 2244 1454 2356 1503; x_wconf 73' lang='lat' dir='ltr'><strong>inde</strong></span> <span class='ocrx_word' id='word_1_431' title='bbox 2368 1453 2680 1503; x_wconf 60' lang='lat' dir='ltr'><strong>abhatibus.-</strong></span> 
     </span>
     <span class='ocr_line' id='line_1_66' title="bbox 1613 1530 2681 1590; baseline 0 -12"><span class='ocrx_word' id='word_1_432' title='bbox 1613 1535 1671 1579; x_wconf 88' lang='lat' dir='ltr'><strong>ut</strong></span> <span class='ocrx_word' id='word_1_433' title='bbox 1696 1544 1795 1579; x_wconf 86' lang='lat' dir='ltr'><strong>nec</strong></span> <span class='ocrx_word' id='word_1_434' title='bbox 1816 1530 1970 1579; x_wconf 84' lang='lat' dir='ltr'><strong>Voss.</strong></span> <span class='ocrx_word' id='word_1_435' title='bbox 1997 1533 2044 1579; x_wconf 93' lang='lat'><strong>1.</strong></span> <span class='ocrx_word' id='word_1_436' title='bbox 2077 1538 2134 1579; x_wconf 87' lang='lat' dir='ltr'><strong>et</strong></span> <span class='ocrx_word' id='word_1_437' title='bbox 2169 1530 2315 1580; x_wconf 82' lang='lat' dir='ltr'><strong>Leid.</strong></span> <span class='ocrx_word' id='word_1_438' title='bbox 2338 1534 2388 1580; x_wconf 90' lang='grc'><strong>2.</strong></span> <span class='ocrx_word' id='word_1_439' title='bbox 2408 1530 2546 1590; x_wconf 77' lang='lat' dir='ltr'><strong>susis</strong></span> <span class='ocrx_word' id='word_1_440' title='bbox 2566 1532 2681 1579; x_wconf 78' lang='lat' dir='ltr'><strong>inde</strong></span> 
     </span>
     <span class='ocr_line' id='line_1_67' title="bbox 1612 1603 2681 1670; baseline -0.001 -14"><span class='ocrx_word' id='word_1_441' title='bbox 1612 1606 1715 1669; x_wconf 72' lang='lat' dir='ltr'><strong>scie</strong></span> <span class='ocrx_word' id='word_1_442' title='bbox 1733 1606 1953 1656; x_wconf 65' lang='lat' dir='ltr'><strong>hostium.</strong></span> <span class='ocrx_word' id='word_1_443' title='bbox 1977 1606 2107 1657; x_wconf 82' lang='lat' dir='ltr'><strong>Lov.</strong></span> <span class='ocrx_word' id='word_1_444' title='bbox 2121 1611 2170 1657; x_wconf 90' lang='grc'><strong>4.</strong></span> <span class='ocrx_word' id='word_1_445' title='bbox 2194 1603 2407 1670; x_wconf 79' lang='lat' dir='ltr'><strong>praefert</strong></span> <span class='ocrx_word' id='word_1_446' title='bbox 2415 1608 2552 1665; x_wconf 71' lang='lat' dir='ltr'><strong>susis</strong></span> <span class='ocrx_word' id='word_1_447' title='bbox 2566 1607 2681 1657; x_wconf 69' lang='lat' dir='ltr'><strong>iude</strong></span> 
     </span>
     <span class='ocr_line' id='line_1_68' title="bbox 1610 1683 2684 1744; baseline 0.001 -13"><span class='ocrx_word' id='word_1_448' title='bbox 1610 1698 1668 1732; x_wconf 73' lang='lat' dir='ltr'><strong>ac</strong></span> <span class='ocrx_word' id='word_1_449' title='bbox 1686 1683 1884 1744; x_wconf 77' lang='lat' dir='ltr'><strong>sugatis</strong></span> <span class='ocrx_word' id='word_1_450' title='bbox 1916 1683 2018 1733; x_wconf 72' lang='lat' dir='ltr'><strong>asie</strong></span> <span class='ocrx_word' id='word_1_451' title='bbox 2046 1684 2273 1735; x_wconf 72' lang='lat' dir='ltr'><strong>hostibus.</strong></span> <span class='ocrx_word' id='word_1_452' title='bbox 2316 1684 2515 1733; x_wconf 89' lang='lat' dir='ltr'><strong>Verum</strong></span> <span class='ocrx_word' id='word_1_453' title='bbox 2537 1685 2684 1733; x_wconf 83' lang='lat' dir='ltr'><strong>voci-</strong></span> 
     </span>
     <span class='ocr_line' id='line_1_69' title="bbox 1612 1758 2678 1824; baseline 0.002 -16"><span class='ocrx_word' id='word_1_454' title='bbox 1612 1758 1706 1808; x_wconf 83' lang='lat' dir='ltr'><strong>bus</strong></span> <span class='ocrx_word' id='word_1_455' title='bbox 1727 1775 1784 1809; x_wconf 80' lang='lat' dir='ltr'><strong>ac</strong></span> <span class='ocrx_word' id='word_1_456' title='bbox 1803 1759 2000 1822; x_wconf 79' lang='lat' dir='ltr'><strong>sugatis</strong></span> <span class='ocrx_word' id='word_1_457' title='bbox 2037 1761 2382 1824; x_wconf 87' lang='lat' dir='ltr'><strong>subjiciuntur</strong></span> <span class='ocrx_word' id='word_1_458' title='bbox 2403 1768 2563 1819; x_wconf 82' lang='lat' dir='ltr'><strong>notae‚</strong></span> <span class='ocrx_word' id='word_1_459' title='bbox 2600 1761 2678 1810; x_wconf 87' lang='lat' dir='ltr'><strong>iu·</strong></span> 
     </span>
     <span class='ocr_line' id='line_1_70' title="bbox 1612 1834 2678 1901; baseline 0.002 -18"><span class='ocrx_word' id='word_1_460' title='bbox 1612 1834 1756 1884; x_wconf 90' lang='lat' dir='ltr'><strong>dices</strong></span> <span class='ocrx_word' id='word_1_461' title='bbox 1797 1848 1886 1884; x_wconf 91' lang='lat' dir='ltr'><strong>eas</strong></span> <span class='ocrx_word' id='word_1_462' title='bbox 1924 1850 2195 1900; x_wconf 85' lang='lat' dir='ltr'><strong>perperam</strong></span> <span class='ocrx_word' id='word_1_463' title='bbox 2233 1838 2457 1901; x_wconf 84' lang='lat' dir='ltr'><strong>scriptas</strong></span> <span class='ocrx_word' id='word_1_464' title='bbox 2492 1852 2554 1887; x_wconf 86' lang='lat' dir='ltr'><strong>ae</strong></span> <span class='ocrx_word' id='word_1_465' title='bbox 2587 1837 2678 1885; x_wconf 89' lang='lat' dir='ltr'><strong>de-</strong></span> 
     </span>
     <span class='ocr_line' id='line_1_71' title="bbox 1611 1911 2679 1978; baseline 0 -18"><span class='ocrx_word' id='word_1_466' title='bbox 1611 1911 1788 1961; x_wconf 69' lang='lat' dir='ltr'><strong>lendas</strong></span> <span class='ocrx_word' id='word_1_467' title='bbox 1807 1926 1942 1962; x_wconf 87' lang='lat' dir='ltr'><strong>esse.</strong></span> <span class='ocrx_word' id='word_1_468' title='bbox 2001 1914 2131 1963; x_wconf 89' lang='lat' dir='ltr'><strong>Tum</strong></span> <span class='ocrx_word' id='word_1_469' title='bbox 2154 1914 2366 1964; x_wconf 77' lang='lat' dir='ltr'><strong>obtinere</strong></span> <span class='ocrx_word' id='word_1_470' title='bbox 2379 1915 2579 1978; x_wconf 75' lang='lat' dir='ltr'><strong>placuit,</strong></span> <span class='ocrx_word' id='word_1_471' title='bbox 2596 1916 2679 1967; x_wconf 62' lang='lat' dir='ltr'><strong>&amp;c-</strong></span> 
     </span>
     <span class='ocr_line' id='line_1_72' title="bbox 1606 1989 2676 2053; baseline 0.001 -16"><span class='ocrx_word' id='word_1_472' title='bbox 1606 2003 1842 2053; x_wconf 72' lang='lat' dir='ltr'><strong>poevorqus</strong></span> <span class='ocrx_word' id='word_1_473' title='bbox 1880 1989 1994 2040; x_wconf 76' lang='lat' dir='ltr'><strong>inde</strong></span> <span class='ocrx_word' id='word_1_474' title='bbox 2042 1990 2355 2052; x_wconf 73' lang='lat' dir='ltr'><strong>Verruginem</strong></span> <span class='ocrx_word' id='word_1_475' title='bbox 2396 1990 2585 2039; x_wconf 88' lang='lat' dir='ltr'><strong>desunt</strong></span> <span class='ocrx_word' id='word_1_476' title='bbox 2624 1990 2676 2038; x_wconf 90' lang='lat' dir='ltr'><strong>in</strong></span> 
     </span>
     <span class='ocr_line' id='line_1_73' title="bbox 1613 2065 2676 2131; baseline -0.002 -16"><span class='ocrx_word' id='word_1_477' title='bbox 1613 2065 1765 2115; x_wconf 84' lang='lat' dir='ltr'><strong>Harl.</strong></span> <span class='ocrx_word' id='word_1_478' title='bbox 1782 2070 1829 2117; x_wconf 89' lang='grc'><strong>2.</strong></span> <span class='ocrx_word' id='word_1_479' title='bbox 1862 2066 1965 2116; x_wconf 84' lang='lat' dir='ltr'><strong>Sed</strong></span> <span class='ocrx_word' id='word_1_480' title='bbox 1985 2068 2231 2131; x_wconf 88' lang='lat' dir='ltr'><strong>repetitio</strong></span> <span class='ocrx_word' id='word_1_481' title='bbox 2251 2067 2339 2116; x_wconf 80' lang='grc' dir='ltr'><strong>τοῦ</strong></span> <span class='ocrx_word' id='word_1_482' title='bbox 2361 2066 2676 2128; x_wconf 71' lang='lat' dir='ltr'><strong>Verruginem</strong></span> 
     </span>
     <span class='ocr_line' id='line_1_74' title="bbox 1607 2140 2672 2195; baseline 0 -3"><span class='ocrx_word' id='word_1_483' title='bbox 1607 2140 1822 2193; x_wconf 77' lang='lat' dir='ltr'><strong>librario</strong></span> <span class='ocrx_word' id='word_1_484' title='bbox 1843 2141 2012 2194; x_wconf 85' lang='lat' dir='ltr'><strong>fraudi</strong></span> <span class='ocrx_word' id='word_1_485' title='bbox 2035 2142 2154 2195; x_wconf 84' lang='lat' dir='ltr'><strong>fuit.</strong></span> <span class='ocrx_word' id='word_1_486' title='bbox 2204 2143 2339 2194; x_wconf 88' lang='lat' dir='ltr'><strong>Vide</strong></span> <span class='ocrx_word' id='word_1_487' title='bbox 2371 2143 2438 2193; x_wconf 79' lang='lat' dir='ltr'><strong>ad</strong></span> <span class='ocrx_word' id='word_1_488' title='bbox 2471 2156 2558 2192; x_wconf 78' lang='lat' dir='ltr'><strong>rx.</strong></span> <span class='ocrx_word' id='word_1_489' title='bbox 2593 2146 2672 2192; x_wconf 86' lang='grc'><strong>11.</strong></span> 
     </span>
     <span class='ocr_line' id='line_1_75' title="bbox 1612 2219 1745 2284; baseline 0.015 -17"><span class='ocrx_word' id='word_1_490' title='bbox 1612 2219 1641 2284; x_wconf 79' lang='lat'>§</span> <span class='ocrx_word' id='word_1_491' title='bbox 1664 2222 1745 2270; x_wconf 96' lang='grc'><strong>11.</strong></span> 
     </span>
    </p>

    <p class='ocr_par' dir='ltr' id='par_1_11' title="bbox 1603 2294 2742 3050">
     <span class='ocr_line' id='line_1_76' title="bbox 1675 2294 2675 2361; baseline -0.001 -17"><span class='ocrx_word' id='word_1_492' title='bbox 1675 2296 1705 2359; x_wconf 78' lang='lat'>§</span> <span class='ocrx_word' id='word_1_493' title='bbox 1726 2298 1758 2344; x_wconf 90' lang='grc'><strong>7</strong></span> <span class='ocrx_word' id='word_1_494' title='bbox 1786 2296 1867 2345; x_wconf 72' lang='lat' dir='ltr'><strong>Ibi</strong></span> <span class='ocrx_word' id='word_1_495' title='bbox 1887 2311 1992 2347; x_wconf 75' lang='lat' dir='ltr'><strong>eum</strong></span> <span class='ocrx_word' id='word_1_496' title='bbox 2012 2295 2324 2361; x_wconf 69' lang='lat' dir='ltr'><strong>incomposito</strong></span> <span class='ocrx_word' id='word_1_497' title='bbox 2343 2294 2538 2357; x_wconf 68' lang='lat' dir='ltr'><strong>agmine</strong></span> <span class='ocrx_word' id='word_1_498' title='bbox 2557 2309 2675 2357; x_wconf 75' lang='lat' dir='ltr'><strong>neg·</strong></span> 
     </span>
     <span class='ocr_line' id='line_1_77' title="bbox 1609 2369 2675 2434; baseline -0.001 -14"><span class='ocrx_word' id='word_1_499' title='bbox 1609 2369 1838 2432; x_wconf 61' lang='lat' dir='ltr'><strong>&amp;gentius</strong></span> <span class='ocrx_word' id='word_1_500' title='bbox 1857 2372 1916 2421; x_wconf 82' lang='lat' dir='ltr'><strong>ab</strong></span> <span class='ocrx_word' id='word_1_501' title='bbox 1948 2386 2001 2422; x_wconf 76' lang='lat' dir='ltr'><strong>re</strong></span> <span class='ocrx_word' id='word_1_502' title='bbox 2033 2372 2146 2422; x_wconf 80' lang='lat' dir='ltr'><strong>bene</strong></span> <span class='ocrx_word' id='word_1_503' title='bbox 2174 2376 2316 2434; x_wconf 79' lang='lat' dir='ltr'><strong>gesta</strong></span> <span class='ocrx_word' id='word_1_504' title='bbox 2345 2370 2559 2434; x_wconf 74' lang='lat' dir='ltr'><strong>euntem]</strong></span> <span class='ocrx_word' id='word_1_505' title='bbox 2597 2371 2675 2419; x_wconf 84' lang='lat' dir='ltr'><strong>Ibi</strong></span> 
     </span>
     <span class='ocr_line' id='line_1_78' title="bbox 1608 2445 2679 2512; baseline 0 -17"><span class='ocrx_word' id='word_1_506' title='bbox 1608 2445 1718 2508; x_wconf 62' lang='lat' dir='ltr'><strong>iim,</strong></span> <span class='ocrx_word' id='word_1_507' title='bbox 1739 2448 1849 2498; x_wconf 81' lang='lat' dir='ltr'><strong>sive</strong></span> <span class='ocrx_word' id='word_1_508' title='bbox 1886 2448 2029 2512; x_wconf 69' lang='lat' dir='ltr'><strong>enim,</strong></span> <span class='ocrx_word' id='word_1_509' title='bbox 2057 2449 2188 2501; x_wconf 84' lang='lat' dir='ltr'><strong>Lov.</strong></span> <span class='ocrx_word' id='word_1_510' title='bbox 2211 2452 2261 2499; x_wconf 89' lang='grc'><strong>2.</strong></span> <span class='ocrx_word' id='word_1_511' title='bbox 2308 2447 2444 2498; x_wconf 86' lang='lat' dir='ltr'><strong>Tum</strong></span> <span class='ocrx_word' id='word_1_512' title='bbox 2477 2446 2532 2495; x_wconf 74' lang='lat' dir='ltr'><strong>in</strong></span> <span class='ocrx_word' id='word_1_513' title='bbox 2565 2462 2679 2496; x_wconf 73' lang='lat' dir='ltr'><strong>con·</strong></span> 
     </span>
     <span class='ocr_line' id='line_1_79' title="bbox 1607 2526 2676 2589; baseline 0.001 -16"><span class='ocrx_word' id='word_1_514' title='bbox 1607 2532 1772 2589; x_wconf 75' lang='lat' dir='ltr'><strong>spectu</strong></span> <span class='ocrx_word' id='word_1_515' title='bbox 1803 2527 1995 2589; x_wconf 74' lang='lat' dir='ltr'><strong>agmine</strong></span> <span class='ocrx_word' id='word_1_516' title='bbox 2025 2527 2177 2577; x_wconf 86' lang='lat' dir='ltr'><strong>Port.</strong></span> <span class='ocrx_word' id='word_1_517' title='bbox 2212 2542 2244 2576; x_wconf 87' lang='lat' dir='ltr'><strong>a</strong></span> <span class='ocrx_word' id='word_1_518' title='bbox 2275 2542 2345 2576; x_wconf 90' lang='lat' dir='ltr'><strong>m.</strong></span> <span class='ocrx_word' id='word_1_519' title='bbox 2379 2540 2462 2589; x_wconf 85' lang='lat' dir='ltr'><strong>pr.</strong></span> <span class='ocrx_word' id='word_1_520' title='bbox 2495 2526 2676 2575; x_wconf 74' lang='lat' dir='ltr'><strong>incons-</strong></span> 
     </span>
     <span class='ocr_line' id='line_1_80' title="bbox 1603 2602 2678 2666; baseline 0.003 -16"><span class='ocrx_word' id='word_1_521' title='bbox 1603 2602 1781 2665; x_wconf 76' lang='lat' dir='ltr'><strong>positio</strong></span> <span class='ocrx_word' id='word_1_522' title='bbox 1801 2605 1992 2666; x_wconf 75' lang='lat' dir='ltr'><strong>agmine</strong></span> <span class='ocrx_word' id='word_1_523' title='bbox 2015 2603 2155 2654; x_wconf 77' lang='lat' dir='ltr'><strong>Hav,</strong></span> <span class='ocrx_word' id='word_1_524' title='bbox 2196 2603 2400 2653; x_wconf 83' lang='lat' dir='ltr'><strong>Deinde</strong></span> <span class='ocrx_word' id='word_1_525' title='bbox 2421 2605 2678 2665; x_wconf 60' lang='lat' dir='ltr'><strong>neglegen-</strong></span> 
     </span>
     <span class='ocr_line' id='line_1_81' title="bbox 1608 2677 2675 2745; baseline -0.001 -16"><span class='ocrx_word' id='word_1_526' title='bbox 1608 2680 1708 2729; x_wconf 74' lang='lat' dir='ltr'><strong>tius</strong></span> <span class='ocrx_word' id='word_1_527' title='bbox 1726 2680 1874 2731; x_wconf 78' lang='lat' dir='ltr'><strong>Leid-</strong></span> <span class='ocrx_word' id='word_1_528' title='bbox 1894 2686 1940 2731; x_wconf 88' lang='lat'><strong>1.</strong></span> <span class='ocrx_word' id='word_1_529' title='bbox 1959 2688 2012 2732; x_wconf 88' lang='lat' dir='ltr'><strong>et</strong></span> <span class='ocrx_word' id='word_1_530' title='bbox 2030 2683 2251 2745; x_wconf 88' lang='lat' dir='ltr'><strong>optimus</strong></span> <span class='ocrx_word' id='word_1_531' title='bbox 2274 2682 2412 2731; x_wconf 86' lang='lat' dir='ltr'><strong>Flor.</strong></span> <span class='ocrx_word' id='word_1_532' title='bbox 2448 2679 2585 2729; x_wconf 86' lang='lat' dir='ltr'><strong>Vide</strong></span> <span class='ocrx_word' id='word_1_533' title='bbox 2608 2677 2675 2729; x_wconf 87' lang='lat' dir='ltr'><strong>ad</strong></span> 
     </span>
     <span class='ocr_line' id='line_1_82' title="bbox 1609 2751 2677 2821; baseline -0.001 -15"><span class='ocrx_word' id='word_1_534' title='bbox 1609 2770 1671 2806; x_wconf 88' lang='lat'><strong>11.</strong></span> <span class='ocrx_word' id='word_1_535' title='bbox 1687 2761 1766 2806; x_wconf 92' lang='grc'><strong>11.</strong></span> <span class='ocrx_word' id='word_1_536' title='bbox 1785 2759 1877 2821; x_wconf 60' lang='grc' dir='ltr'><strong>ξ4.</strong></span> <span class='ocrx_word' id='word_1_537' title='bbox 1910 2758 2139 2807; x_wconf 83' lang='lat' dir='ltr'><strong>Tandem</strong></span> <span class='ocrx_word' id='word_1_538' title='bbox 2155 2758 2349 2808; x_wconf 70' lang='lat' dir='ltr'><strong>eundem</strong></span> <span class='ocrx_word' id='word_1_539' title='bbox 2365 2755 2502 2806; x_wconf 84' lang='lat' dir='ltr'><strong>idem</strong></span> <span class='ocrx_word' id='word_1_540' title='bbox 2522 2751 2677 2806; x_wconf 85' lang='lat' dir='ltr'><strong>Leid.</strong></span> 
     </span>
     <span class='ocr_line' id='line_1_83' title="bbox 1610 2833 2680 2896; baseline -0.002 -13"><span class='ocrx_word' id='word_1_541' title='bbox 1610 2838 1665 2883; x_wconf 87' lang='lat'><strong>1.·</strong></span> <span class='ocrx_word' id='word_1_542' title='bbox 1675 2834 1860 2884; x_wconf 77' lang='lat' dir='ltr'><strong>Lov.4.</strong></span> <span class='ocrx_word' id='word_1_543' title='bbox 1877 2834 2026 2883; x_wconf 81' lang='lat' dir='ltr'><strong>Harl.</strong></span> <span class='ocrx_word' id='word_1_544' title='bbox 2044 2838 2089 2883; x_wconf 88' lang='lat'><strong>1.</strong></span> <span class='ocrx_word' id='word_1_545' title='bbox 2107 2841 2161 2883; x_wconf 89' lang='lat' dir='ltr'><strong>et</strong></span> <span class='ocrx_word' id='word_1_546' title='bbox 2179 2833 2460 2884; x_wconf 85' lang='lat' dir='ltr'><strong>Klockian.</strong></span> <span class='ocrx_word' id='word_1_547' title='bbox 2478 2845 2680 2896; x_wconf 78' lang='lat' dir='ltr'><strong>errore,</strong></span> 
     </span>
     <span class='ocr_line' id='line_1_84' title="bbox 1608 2910 2678 2973; baseline 0.001 -15"><span class='ocrx_word' id='word_1_548' title='bbox 1608 2918 1665 2958; x_wconf 91' lang='lat' dir='ltr'><strong>nt</strong></span> <span class='ocrx_word' id='word_1_549' title='bbox 1689 2910 1917 2967; x_wconf 87' lang='lat' dir='ltr'><strong>videtur,</strong></span> <span class='ocrx_word' id='word_1_550' title='bbox 1957 2925 2024 2960; x_wconf 83' lang='lat' dir='ltr'><strong>ex</strong></span> <span class='ocrx_word' id='word_1_551' title='bbox 2060 2912 2249 2961; x_wconf 81' lang='lat' dir='ltr'><strong>vitiosa</strong></span> <span class='ocrx_word' id='word_1_552' title='bbox 2279 2910 2533 2962; x_wconf 82' lang='lat' dir='ltr'><strong>dictantis</strong></span> <span class='ocrx_word' id='word_1_553' title='bbox 2556 2924 2678 2973; x_wconf 85' lang='lat' dir='ltr'><strong>pro·</strong></span> 
     </span>
     <span class='ocr_line' id='line_1_85' title="bbox 1606 2986 2742 3050; baseline -0.003 -14"><span class='ocrx_word' id='word_1_554' title='bbox 1606 2987 1940 3036; x_wconf 86' lang='lat' dir='ltr'><strong>nunciatione</strong></span> <span class='ocrx_word' id='word_1_555' title='bbox 1957 2995 2093 3037; x_wconf 88' lang='lat' dir='ltr'><strong>orto.</strong></span> <span class='ocrx_word' id='word_1_556' title='bbox 2128 2986 2264 3036; x_wconf 83' lang='lat' dir='ltr'><strong>Vide</strong></span> <span class='ocrx_word' id='word_1_557' title='bbox 2280 2986 2343 3035; x_wconf 86' lang='lat' dir='ltr'><strong>ad</strong></span> <span class='ocrx_word' id='word_1_558' title='bbox 2364 2999 2470 3034; x_wconf 81' lang='lat' dir='ltr'><strong>vu.</strong></span> <span class='ocrx_word' id='word_1_559' title='bbox 2491 2987 2681 3050; x_wconf 78' lang='lat' dir='ltr'><strong>16.§s.</strong></span> <span class='ocrx_word' id='word_1_560' title='bbox 2735 3001 2742 3004; x_wconf 92' lang='grc'><strong><em>·</em></strong></span> 
     </span>
    </p>

    <p class='ocr_par' dir='ltr' id='par_1_12' title="bbox 1604 3062 2678 4121">
     <span class='ocr_line' id='line_1_86' title="bbox 1673 3062 2678 3127; baseline -0.001 -16"><span class='ocrx_word' id='word_1_561' title='bbox 1673 3062 1737 3112; x_wconf 76' lang='lat' dir='ltr'><strong>In</strong></span> <span class='ocrx_word' id='word_1_562' title='bbox 1754 3064 1994 3127; x_wconf 69' lang='lat' dir='ltr'><strong>proximos</strong></span> <span class='ocrx_word' id='word_1_563' title='bbox 2014 3065 2273 3127; x_wconf 78' lang='lat' dir='ltr'><strong>compulere</strong></span> <span class='ocrx_word' id='word_1_564' title='bbox 2291 3062 2521 3127; x_wconf 68' lang='lat' dir='ltr'><strong>tumulos]</strong></span> <span class='ocrx_word' id='word_1_565' title='bbox 2552 3062 2678 3111; x_wconf 70' lang='lat' dir='ltr'><strong>Con-</strong></span> 
     </span>
     <span class='ocr_line' id='line_1_87' title="bbox 1608 3136 2678 3191; baseline -0.003 -3"><span class='ocrx_word' id='word_1_566' title='bbox 1608 3140 1755 3189; x_wconf 71' lang='lat' dir='ltr'><strong>tulere</strong></span> <span class='ocrx_word' id='word_1_567' title='bbox 1807 3140 1960 3191; x_wconf 88' lang='lat' dir='ltr'><strong>Port.</strong></span> <span class='ocrx_word' id='word_1_568' title='bbox 2011 3139 2346 3190; x_wconf 84' lang='lat' dir='ltr'><strong>aberratione</strong></span> <span class='ocrx_word' id='word_1_569' title='bbox 2397 3136 2678 3187; x_wconf 80' lang='lat' dir='ltr'><strong>manifesta</strong></span> 
     </span>
     <span class='ocr_line' id='line_1_88' title="bbox 1606 3215 2677 3282; baseline -0.002 -18"><span class='ocrx_word' id='word_1_570' title='bbox 1606 3216 1815 3280; x_wconf 60' lang='lat' dir='ltr'><strong>scribae,</strong></span> <span class='ocrx_word' id='word_1_571' title='bbox 1835 3218 2093 3282; x_wconf 87' lang='lat' dir='ltr'><strong>quomodo</strong></span> <span class='ocrx_word' id='word_1_572' title='bbox 2108 3217 2206 3267; x_wconf 83' lang='lat' dir='ltr'><strong>hoc</strong></span> <span class='ocrx_word' id='word_1_573' title='bbox 2226 3230 2388 3282; x_wconf 79' lang='lat' dir='ltr'><strong>genus</strong></span> <span class='ocrx_word' id='word_1_574' title='bbox 2409 3215 2677 3264; x_wconf 85' lang='lat' dir='ltr'><strong>hominnm</strong></span> 
     </span>
     <span class='ocr_line' id='line_1_89' title="bbox 1608 3290 2677 3358; baseline -0.004 -16"><span class='ocrx_word' id='word_1_575' title='bbox 1608 3307 1750 3357; x_wconf 63' lang='lat' dir='ltr'><strong>sepe</strong></span> <span class='ocrx_word' id='word_1_576' title='bbox 1771 3295 2031 3358; x_wconf 78' lang='lat' dir='ltr'><strong>peccavit.</strong></span> <span class='ocrx_word' id='word_1_577' title='bbox 2082 3294 2171 3344; x_wconf 86' lang='lat' dir='ltr'><strong>Ita</strong></span> <span class='ocrx_word' id='word_1_578' title='bbox 2188 3290 2537 3344; x_wconf 83' lang='lat' dir='ltr'><strong>confuderunt</strong></span> <span class='ocrx_word' id='word_1_579' title='bbox 2562 3303 2677 3338; x_wconf 80' lang='lat' dir='ltr'><strong>ver·</strong></span> 
     </span>
     <span class='ocr_line' id='line_1_90' title="bbox 1608 3367 2674 3434; baseline -0.006 -14"><span class='ocrx_word' id='word_1_580' title='bbox 1608 3369 1677 3420; x_wconf 87' lang='lat' dir='ltr'><strong>ba</strong></span> <span class='ocrx_word' id='word_1_581' title='bbox 1698 3375 1713 3399; x_wconf 80' lang='lat'>‘</span> <span class='ocrx_word' id='word_1_582' title='bbox 1737 3370 1957 3421; x_wconf 76' lang='lat' dir='ltr'><strong>extulit’</strong></span> <span class='ocrx_word' id='word_1_583' title='bbox 1980 3379 2034 3421; x_wconf 89' lang='lat' dir='ltr'><strong>et</strong></span> <span class='ocrx_word' id='word_1_584' title='bbox 2056 3372 2073 3399; x_wconf 90' lang='lat'>‘</span> <span class='ocrx_word' id='word_1_585' title='bbox 2088 3370 2289 3434; x_wconf 76' lang='lat' dir='ltr'><strong>expulit</strong></span> <span class='ocrx_word' id='word_1_586' title='bbox 2309 3368 2342 3419; x_wconf 73' lang='grc' dir='ltr'><strong>ι’</strong></span> <span class='ocrx_word' id='word_1_587' title='bbox 2373 3367 2517 3432; x_wconf 84' lang='lat' dir='ltr'><strong>(vide</strong></span> <span class='ocrx_word' id='word_1_588' title='bbox 2538 3367 2674 3416; x_wconf 88' lang='lat' dir='ltr'><strong>Bur-</strong></span> 
     </span>
     <span class='ocr_line' id='line_1_91' title="bbox 1606 3443 2677 3509; baseline -0.006 -11"><span class='ocrx_word' id='word_1_589' title='bbox 1606 3459 1777 3499; x_wconf 82' lang='lat' dir='ltr'><strong>mann.</strong></span> <span class='ocrx_word' id='word_1_590' title='bbox 1797 3449 1860 3498; x_wconf 85' lang='lat' dir='ltr'><strong>ad</strong></span> <span class='ocrx_word' id='word_1_591' title='bbox 1881 3448 2238 3500; x_wconf 75' lang='lat' dir='ltr'><strong>Nason-Fast.</strong></span> <span class='ocrx_word' id='word_1_592' title='bbox 2257 3460 2338 3496; x_wconf 80' lang='lat' dir='ltr'><strong>vr.</strong></span> <span class='ocrx_word' id='word_1_593' title='bbox 2353 3443 2501 3508; x_wconf 87' lang='grc'><strong>245.)</strong></span> <span class='ocrx_word' id='word_1_594' title='bbox 2516 3444 2532 3471; x_wconf 90' lang='lat'>‘</span> <span class='ocrx_word' id='word_1_595' title='bbox 2552 3458 2677 3509; x_wconf 85' lang='lat' dir='ltr'><strong>pro-</strong></span> 
     </span>
     <span class='ocr_line' id='line_1_92' title="bbox 1608 3520 2675 3588; baseline -0.007 -13"><span class='ocrx_word' id='word_1_596' title='bbox 1608 3525 1754 3575; x_wconf 87' lang='lat' dir='ltr'><strong>tulit’</strong></span> <span class='ocrx_word' id='word_1_597' title='bbox 1774 3532 1832 3575; x_wconf 88' lang='lat' dir='ltr'><strong>et</strong></span> <span class='ocrx_word' id='word_1_598' title='bbox 1855 3525 1874 3552; x_wconf 78' lang='lat'><em>⁶</em></span> <span class='ocrx_word' id='word_1_599' title='bbox 1899 3526 2130 3588; x_wconf 85' lang='lat' dir='ltr'><strong>propulit</strong></span> <span class='ocrx_word' id='word_1_600' title='bbox 2149 3522 2183 3574; x_wconf 73' lang='grc' dir='ltr'><strong>ε’</strong></span> <span class='ocrx_word' id='word_1_601' title='bbox 2214 3522 2363 3588; x_wconf 87' lang='lat' dir='ltr'><strong>(vide</strong></span> <span class='ocrx_word' id='word_1_602' title='bbox 2387 3521 2522 3570; x_wconf 81' lang='lat' dir='ltr'><strong>viros</strong></span> <span class='ocrx_word' id='word_1_603' title='bbox 2545 3520 2675 3569; x_wconf 87' lang='lat' dir='ltr'><strong>doc-</strong></span> 
     </span>
     <span class='ocr_line' id='line_1_93' title="bbox 1607 3596 2675 3662; baseline -0.007 -11"><span class='ocrx_word' id='word_1_604' title='bbox 1607 3610 1688 3652; x_wconf 89' lang='lat' dir='ltr'><strong>tos</strong></span> <span class='ocrx_word' id='word_1_605' title='bbox 1712 3601 1778 3651; x_wconf 86' lang='lat' dir='ltr'><strong>ad</strong></span> <span class='ocrx_word' id='word_1_606' title='bbox 1810 3602 1933 3650; x_wconf 86' lang='lat' dir='ltr'><strong>Val.</strong></span> <span class='ocrx_word' id='word_1_607' title='bbox 1967 3602 2112 3650; x_wconf 77' lang='lat' dir='ltr'><strong>Mas.</strong></span> <span class='ocrx_word' id='word_1_608' title='bbox 2135 3614 2173 3650; x_wconf 78' lang='grc' dir='ltr'><strong>ι.</strong></span> <span class='ocrx_word' id='word_1_609' title='bbox 2193 3604 2242 3649; x_wconf 90' lang='grc'><strong>4.</strong></span> <span class='ocrx_word' id='word_1_610' title='bbox 2265 3612 2349 3648; x_wconf 83' lang='lat' dir='ltr'><strong>ex.</strong></span> <span class='ocrx_word' id='word_1_611' title='bbox 2377 3596 2458 3662; x_wconf 89' lang='grc'><strong>2.)</strong></span> <span class='ocrx_word' id='word_1_612' title='bbox 2486 3605 2502 3628; x_wconf 78' lang='lat'>⁸</span> <span class='ocrx_word' id='word_1_613' title='bbox 2521 3596 2675 3645; x_wconf 84' lang='lat' dir='ltr'><strong>detn-</strong></span> 
     </span>
     <span class='ocr_line' id='line_1_94' title="bbox 1604 3658 2675 3741; baseline -0.007 -14"><span class='ocrx_word' id='word_1_614' title='bbox 1604 3676 1696 3727; x_wconf 86' lang='lat' dir='ltr'><strong>lit’</strong></span> <span class='ocrx_word' id='word_1_615' title='bbox 1731 3683 1786 3727; x_wconf 89' lang='lat' dir='ltr'><strong>et</strong></span> <span class='ocrx_word' id='word_1_616' title='bbox 1824 3685 1840 3707; x_wconf 84' lang='lat'>‘</span> <span class='ocrx_word' id='word_1_617' title='bbox 1865 3676 2068 3741; x_wconf 87' lang='lat' dir='ltr'><strong>depulit</strong></span> <span class='ocrx_word' id='word_1_618' title='bbox 2088 3676 2121 3724; x_wconf 71' lang='grc' dir='ltr'><strong>τ’</strong></span> <span class='ocrx_word' id='word_1_619' title='bbox 2153 3674 2299 3741; x_wconf 83' lang='lat' dir='ltr'><strong>(vide</strong></span> <span class='ocrx_word' id='word_1_620' title='bbox 2339 3688 2453 3738; x_wconf 71' lang='lat' dir='ltr'><strong>quie</strong></span> <span class='ocrx_word' id='word_1_621' title='bbox 2493 3658 2675 3722; x_wconf 57' lang='lat' dir='ltr'><strong>notfflvi</strong></span> 
     </span>
     <span class='ocr_line' id='line_1_95' title="bbox 1607 3749 2676 3813; baseline -0.007 -9"><span class='ocrx_word' id='word_1_622' title='bbox 1607 3754 1674 3804; x_wconf 89' lang='lat' dir='ltr'><strong>ad</strong></span> <span class='ocrx_word' id='word_1_623' title='bbox 1699 3755 1809 3804; x_wconf 86' lang='lat' dir='ltr'><strong>Silii</strong></span> <span class='ocrx_word' id='word_1_624' title='bbox 1835 3755 1956 3803; x_wconf 86' lang='lat' dir='ltr'><strong>Ital.</strong></span> <span class='ocrx_word' id='word_1_625' title='bbox 1978 3754 2012 3801; x_wconf 93' lang='grc'><strong>1.</strong></span> <span class='ocrx_word' id='word_1_626' title='bbox 2032 3766 2111 3802; x_wconf 77' lang='lat' dir='ltr'><strong>rx.</strong></span> <span class='ocrx_word' id='word_1_627' title='bbox 2141 3767 2217 3801; x_wconf 82' lang='lat' dir='ltr'><strong>vs.</strong></span> <span class='ocrx_word' id='word_1_628' title='bbox 2233 3749 2381 3813; x_wconf 81' lang='grc'><strong>395.)</strong></span> <span class='ocrx_word' id='word_1_629' title='bbox 2411 3749 2540 3799; x_wconf 81' lang='lat' dir='ltr'><strong>Mox</strong></span> <span class='ocrx_word' id='word_1_630' title='bbox 2562 3749 2676 3798; x_wconf 72' lang='lat' dir='ltr'><strong>inde</strong></span> 
     </span>
     <span class='ocr_line' id='line_1_96' title="bbox 1604 3826 2677 3893; baseline -0.008 -11"><span class='ocrx_word' id='word_1_631' title='bbox 1604 3831 1660 3881; x_wconf 81' lang='lat' dir='ltr'><strong>in</strong></span> <span class='ocrx_word' id='word_1_632' title='bbox 1719 3832 2030 3893; x_wconf 63' lang='lat' dir='ltr'><strong>Verruginem,</strong></span> <span class='ocrx_word' id='word_1_633' title='bbox 2082 3827 2268 3878; x_wconf 83' lang='lat' dir='ltr'><strong>addita</strong></span> <span class='ocrx_word' id='word_1_634' title='bbox 2308 3826 2482 3876; x_wconf 85' lang='lat' dir='ltr'><strong>media</strong></span> <span class='ocrx_word' id='word_1_635' title='bbox 2526 3839 2677 3886; x_wconf 83' lang='lat' dir='ltr'><strong>voce,</strong></span> 
     </span>
     <span class='ocr_line' id='line_1_97' title="bbox 1608 3903 2676 3970; baseline -0.007 -12"><span class='ocrx_word' id='word_1_636' title='bbox 1608 3908 1736 3957; x_wconf 71' lang='lat' dir='ltr'><strong>Lov-</strong></span> <span class='ocrx_word' id='word_1_637' title='bbox 1768 3913 1821 3958; x_wconf 77' lang='grc'><strong>5.</strong></span> <span class='ocrx_word' id='word_1_638' title='bbox 1882 3908 1992 3957; x_wconf 83' lang='lat' dir='ltr'><strong>Sed</strong></span> <span class='ocrx_word' id='word_1_639' title='bbox 2029 3921 2094 3956; x_wconf 83' lang='lat' dir='ltr'><strong>ea</strong></span> <span class='ocrx_word' id='word_1_640' title='bbox 2129 3918 2405 3970; x_wconf 87' lang='lat' dir='ltr'><strong>perperam</strong></span> <span class='ocrx_word' id='word_1_641' title='bbox 2445 3903 2676 3967; x_wconf 83' lang='lat' dir='ltr'><strong>repetita</strong></span> 
     </span>
     <span class='ocr_line' id='line_1_98' title="bbox 1606 3979 2672 4048; baseline -0.004 -15"><span class='ocrx_word' id='word_1_642' title='bbox 1606 3993 1690 4035; x_wconf 78' lang='lat' dir='ltr'><strong>est</strong></span> <span class='ocrx_word' id='word_1_643' title='bbox 1727 3999 1794 4035; x_wconf 79' lang='lat' dir='ltr'><strong>ex</strong></span> <span class='ocrx_word' id='word_1_644' title='bbox 1830 3984 1969 4035; x_wconf 82' lang='lat' dir='ltr'><strong>vocis</strong></span> <span class='ocrx_word' id='word_1_645' title='bbox 2005 3982 2236 4048; x_wconf 79' lang='lat' dir='ltr'><strong>praeced.</strong></span> <span class='ocrx_word' id='word_1_646' title='bbox 2268 3979 2581 4045; x_wconf 86' lang='lat' dir='ltr'><strong>compendio</strong></span> <span class='ocrx_word' id='word_1_647' title='bbox 2604 3981 2672 4044; x_wconf 65' lang='lat' dir='ltr'><strong>is,</strong></span> 
     </span>
     <span class='ocr_line' id='line_1_99' title="bbox 1604 4059 2608 4121; baseline -0.006 -9"><span class='ocrx_word' id='word_1_648' title='bbox 1604 4062 1714 4112; x_wconf 84' lang='lat' dir='ltr'><strong>sive</strong></span> <span class='ocrx_word' id='word_1_649' title='bbox 1739 4064 1868 4112; x_wconf 70' lang='lat' dir='ltr'><strong>iude.</strong></span> <span class='ocrx_word' id='word_1_650' title='bbox 1901 4061 2038 4111; x_wconf 85' lang='lat' dir='ltr'><strong>Vide</strong></span> <span class='ocrx_word' id='word_1_651' title='bbox 2060 4061 2124 4110; x_wconf 90' lang='lat' dir='ltr'><strong>ad</strong></span> <span class='ocrx_word' id='word_1_652' title='bbox 2150 4071 2375 4109; x_wconf 81' lang='lat' dir='ltr'><strong>xxxvn.</strong></span> <span class='ocrx_word' id='word_1_653' title='bbox 2397 4061 2482 4107; x_wconf 84' lang='grc'><strong>31.</strong></span> <span class='ocrx_word' id='word_1_654' title='bbox 2505 4059 2536 4121; x_wconf 61' lang='grc' dir='ltr'><strong>ς</strong></span> <span class='ocrx_word' id='word_1_655' title='bbox 2556 4063 2608 4108; x_wconf 84' lang='grc'><strong>4.</strong></span> 
     </span>
    </p>

    <p class='ocr_par' dir='ltr' id='par_1_13' title="bbox 1602 4139 2672 4357">
     <span class='ocr_line' id='line_1_100' title="bbox 1670 4139 2672 4204; baseline -0.005 -14"><span class='ocrx_word' id='word_1_656' title='bbox 1670 4142 1700 4204; x_wconf 78' lang='lat'>§</span> <span class='ocrx_word' id='word_1_657' title='bbox 1724 4144 1756 4190; x_wconf 91' lang='grc'><strong>8</strong></span> <span class='ocrx_word' id='word_1_658' title='bbox 1782 4139 1940 4195; x_wconf 68' lang='lat' dir='ltr'><strong>Quum·</strong></span> <span class='ocrx_word' id='word_1_659' title='bbox 1958 4139 2178 4188; x_wconf 66' lang='lat' dir='ltr'><strong>concione</strong></span> <span class='ocrx_word' id='word_1_660' title='bbox 2195 4139 2424 4187; x_wconf 76' lang='lat' dir='ltr'><strong>advocata</strong></span> <span class='ocrx_word' id='word_1_661' title='bbox 2444 4141 2672 4186; x_wconf 65' lang='lat' dir='ltr'><strong>terrorem</strong></span> 
     </span>
     <span class='ocr_line' id='line_1_101' title="bbox 1602 4211 2671 4280; baseline -0.004 -14"><span class='ocrx_word' id='word_1_662' title='bbox 1602 4216 1892 4280; x_wconf 74' lang='lat' dir='ltr'><strong>increparet]</strong></span> <span class='ocrx_word' id='word_1_663' title='bbox 1943 4215 2170 4266; x_wconf 74' lang='lat' dir='ltr'><strong>Eri-orem</strong></span> <span class='ocrx_word' id='word_1_664' title='bbox 2192 4216 2346 4264; x_wconf 81' lang='lat' dir='ltr'><strong>Voss.</strong></span> <span class='ocrx_word' id='word_1_665' title='bbox 2365 4218 2416 4265; x_wconf 89' lang='grc'><strong>2.</strong></span> <span class='ocrx_word' id='word_1_666' title='bbox 2471 4211 2671 4263; x_wconf 84' lang='lat' dir='ltr'><strong>Passim</strong></span> 
     </span>
     <span class='ocr_line' id='line_1_102' title="bbox 1604 4286 2669 4357; baseline -0.007 -12"><span class='ocrx_word' id='word_1_667' title='bbox 1604 4294 1678 4345; x_wconf 87' lang='lat' dir='ltr'><strong>ita</strong></span> <span class='ocrx_word' id='word_1_668' title='bbox 1716 4293 1849 4357; x_wconf 83' lang='lat' dir='ltr'><strong>lapsi</strong></span> <span class='ocrx_word' id='word_1_669' title='bbox 1885 4299 2007 4343; x_wconf 88' lang='lat' dir='ltr'><strong>sunt</strong></span> <span class='ocrx_word' id='word_1_670' title='bbox 2041 4291 2236 4342; x_wconf 79' lang='lat' dir='ltr'><strong>librarii</strong></span> <span class='ocrx_word' id='word_1_671' title='bbox 2269 4289 2486 4344; x_wconf 82' lang='lat' dir='ltr'><strong>indocti.</strong></span> <span class='ocrx_word' id='word_1_672' title='bbox 2534 4286 2669 4338; x_wconf 85' lang='lat' dir='ltr'><strong>Vide</strong></span> 
     </span>
    </p>
   </div>
   <div class='ocr_carea' id='block_1_7' title="bbox 2914 2949 2923 4065">
    <p class='ocr_par' dir='ltr' id='par_1_14' title="bbox 2914 2949 2923 4065">
     <span class='ocr_line' id='line_1_103' title="bbox 2914 2949 2923 4065; baseline 0 0"><span class='ocrx_word' id='word_1_673' title='bbox 2914 2949 2923 4065; x_wconf 95' lang='lat' dir='ltr'><strong> </strong></span> 
     </span>
    </p>
   </div>
  </div>
 </body>
</html>
