2934 4925
735 401 805 451 τ.
854 376 1039 452 mvn
1090 403 1290 452 ms‘r.
1341 403 1481 452 mu.
1529 405 1635 452 v1.
1678 404 1846 455 GAP.
1890 390 2000 455 20.

335 545 703 609 Universosque,
743 551 801 595 ut
846 548 1136 610 Capitolium
1184 553 1327 612 atque

268 636 423 675 arcens
443 624 699 678 intuentes,
732 628 788 673 ut
810 625 873 674 ad
901 624 1024 674 Deos
1052 626 1326 674 inmortales

267 698 413 764 uersi]
457 700 819 765 Universosque,
838 703 903 750 ad
923 703 1084 765 Cupit.
1110 701 1259 752 Harl.
1277 706 1324 751 1.

268 778 417 827 Port.
439 781 496 826 et
519 776 655 826 Har.
673 778 1002 842 uiversosqus
1017 779 1177 842 Cupit.
1200 779 1326 829 Lov.

264 857 318 905 4.
361 854 468 905 Sed
494 854 570 904 ita
603 868 782 905 sensus
819 856 950 905 Livii
989 856 1324 919 pervertitur,

265 932 370 996 qui,
407 947 475 983 ea
507 934 742 984 lectione
777 942 1014 998 recepta,
1055 936 1138 986 bic
1170 933 1326 997 foret,

264 1010 520 1060 Manlium
554 1023 729 1060 orasse
768 1011 995 1075 singulos
1036 1013 1323 1062 universos-

266 1101 385 1152 que,
424 1087 512 1153 qui
539 1087 649 1150 jam
686 1095 791 1137 tum
822 1087 1132 1152 Capitolium
1167 1096 1325 1154 atque

267 1174 441 1212 arcem
458 1163 817 1226 intuebantun
842 1178 997 1229 quum
1016 1166 1190 1228 potius
1210 1180 1322 1216 ora·

266 1241 423 1302 verit,
443 1246 502 1289 ut
523 1253 586 1289 ea
606 1241 722 1290 loca
743 1241 930 1292 intueri
948 1243 1157 1292 vellent.
1205 1243 1322 1293 Dis·

264 1315 474 1380 plicuit‘
486 1316 711 1367 indoctis
737 1317 1025 1370 bominibus
1050 1320 1323 1382 particule

266 1397 322 1442 nt
343 1393 611 1457 repetitio,
646 1409 761 1459 qun
799 1402 971 1445 tamen
994 1396 1204 1461 elegans
1224 1402 1323 1454 est,

267 1476 320 1518 et
343 1483 485 1533 saepe
504 1471 644 1534 apud
666 1471 868 1521 Livium
890 1473 1137 1523 obcurrit.
1188 1473 1324 1523 Vide

269 1544 333 1593 ad
357 1558 444 1596 ιι..
465 1550 548 1596 39.
572 1549 600 1610 §
626 1551 675 1596 8.
731 1549 940 1600 Deinde
975 1551 1040 1600 ad
1073 1551 1204 1600 Deos
1235 1548 1324 1598 ins·

269 1622 494 1671 nortales
512 1623 589 1670 mii
607 1622 826 1673 Gaertn.
853 1666 858 1671 .
963 1662 968 1671 .

274 1698 413 1747 De
432 1698 793 1765 uindicarent]
844 1702 920 1751 De
950 1716 1002 1751 se
1027 1700 1325 1752 vindicarent

271 1774 418 1825 Leid.
456 1780 503 1825 2.
548 1777 710 1840 lapsu
738 1777 1087 1842 librariorum,
1136 1779 1223 1844 qui
1269 1779 1322 1828 in

268 1850 476 1915 scriptis
494 1851 741 1947 frequens
755 1861 851 1905 est.
885 1854 1024 1905 Vide
1039 1855 1103 1905 ad
1121 1867 1323 1906 xxxix.

268 1932 348 1978 47.
366 1931 468 1994 §2
639 1964 646 1973 .
1187 1958 1196 1969 ,

332 2008 361 2070 §
398 2011 460 2057 1⁰
496 2008 652 2064 Quum
672 2011 975 2061 centuriatim
993 2013 1188 2075 populus
1202 2010 1323 2061 eita-

265 2087 417 2145 retur,
436 2091 486 2134 et
499 2101 608 2135 reus
627 2087 692 2136 ad
717 2088 1006 2152 Capitolium
1027 2104 1193 2138 manus
1220 2094 1323 2138 ten·

267 2161 403 2224 dens]
444 2162 772 2213 Centau-iatam
792 2165 937 2215 Leid.
954 2171 1002 2217 2.
1025 2165 1164 2230 qnod
1186 2166 1324 2218 foret

267 2235 574 2294 ‘citaretnn
622 2247 679 2289 ut
725 2242 777 2291 in
822 2243 1083 2292 centurias
1125 2242 1320 2293 divide·

269 2318 414 2362 retur
428 2312 465 2375 ς’
510 2317 647 2378 quod
693 2316 759 2366 ab
802 2317 899 2368 boc
940 2319 1057 2368 loco
1100 2320 1323 2369 alienum

267 2393 362 2447 est,
395 2388 485 2438 ubi
519 2392 822 2442 centuriatim
862 2401 944 2444 est
966 2401 982 2424 ‘
1019 2395 1070 2444 in
1104 2395 1325 2445 comitiis

268 2468 618 2524 centuriatis.'
679 2469 769 2521 Ita
814 2470 1050 2533 tributim,
1093 2485 1189 2535 pro
1221 2478 1238 2501 ⁴
1273 2472 1324 2521 in

267 2542 489 2592 comitiis
510 2543 757 2608 tributis‚’
777 2552 859 2597 est
877 2560 965 2596 ιιι.
986 2553 1068 2599 55.
1091 2549 1108 2579 ‘
1134 2548 1326 2613 Legem

266 2620 570 2670 centuriatis
593 2623 813 2673 comitiis
850 2625 1038 2690 tulere,
1073 2629 1152 2687 ut,
1189 2624 1326 2690 quod

267 2696 506 2747 tributim
552 2699 733 2762 plebes
765 2701 1026 2764 jussisset,
1080 2702 1325 2765 populum

269 2780 478 2825 teneret
495 2774 533 2825 :’
566 2776 651 2825 ubi
673 2776 928 2828 videndus
955 2785 1039 2829 est
1064 2779 1324 2844 Sigonius.

266 2850 479 2900 Deinde
500 2866 608 2901 reus
627 2853 681 2902 id
704 2853 864 2916 Capit.
888 2854 1024 2904 Har.

271 2971 281 2982 .
331 2927 411 2978 Ab
431 2928 695 2978 hominibus
716 2930 778 2978 ud
798 2929 931 2980 Deos
949 2945 1108 2995 preces
1126 2931 1328 2981 avertis·

264 3003 360 3067 eet]
392 3003 477 3054 Aa
499 3005 631 3054 Deos
652 3006 927 3056 inmortales
950 3022 1112 3071 preees
1134 3008 1257 3059 [eor.
1281 3012 1327 3058 1.

264 3080 416 3140 Voss.
444 3083 492 3131 1.
526 3088 582 3130 et
616 3081 762 3130 Leid.
785 3085 835 3134 2.
899 3081 1003 3133 Sed
1038 3098 1215 3133 vocem
1252 3084 1328 3132 in-

263 3158 491 3208 mortales
545 3158 743 3207 librarii
809 3173 877 3209 ex
927 3160 1245 3223 praecedenti
1298 3160 1327 3224 §

263 3234 402 3285 male
427 3235 583 3284 etiam
608 3236 689 3285 bic
714 3237 1057 3298 repetierunt.
1118 3236 1327 3287 Deinde

264 3311 552 3360 advertisset
590 3312 748 3361 iidem
780 3311 932 3361 codd.
968 3327 1083 3361 cum
1126 3312 1254 3362 Lov.
1277 3318 1326 3363 6.

263 3388 402 3438 vide
424 3389 522 3438 boc
544 3389 636 3439 lib.
661 3389 725 3438 ad
749 3404 795 3438 c.
817 3394 899 3439 23.
922 3391 951 3454 §
975 3394 1023 3440 8.
1060 3390 1331 3439 Praeterea

265 3466 326 3516 ab
348 3465 564 3515 omnibus
585 3464 741 3515 babet
763 3465 900 3515 Hsv.
924 3464 1157 3514 sollemni
1182 3465 1327 3515 aber-

266 3544 470 3592 ratione
492 3542 795 3591 scribarum.
864 3542 1001 3592 Vide
1038 3541 1102 3591 ad
1133 3555 1219 3592 ιιι.
1243 3545 1326 3592 54.

267 3622 295 3684 ς
328 3623 380 3670 e.

270 3731 278 3738 -
326 3695 572 3760 Δόμαι-υἱὲ
604 3695 830 3756 tribunis,
860 3694 955 3743 nisi
977 3695 1131 3745 oculos
1153 3709 1331 3758 quoque

264 3774 505 3823 hominum
543 3771 821 3821 liberassent
850 3771 909 3820 ab
947 3772 1073 3821 tanti
1107 3774 1332 3821 memorie

264 3849 475 3911 decoris]
508 3847 711 3911 Aperuit
732 3846 940 3897 tribunis
961 3848 1109 3897 Leid.
1134 3851 1182 3897 1.
1203 3862 1332 3913 quas

266 3940 422 3976 voces
481 3938 626 3987 saepe
677 3921 912 3971 librarios
967 3927 1332 3984 commutasse,

268 4002 554 4052 videbimus
589 3998 655 4048 ad
694 4011 847 4048 xuv.
882 4002 965 4048 28.
994 3999 1023 4061 §
1049 4001 1128 4047 10.
1193 3998 1329 4048 Τιιιιι

264 4079 408 4129 oculis
438 4090 619 4141 quoque
650 4074 888 4123 hominum
924 4073 1059 4124 flav.
1096 4073 1333 4123 homimum

266 4171 445 4221 qaoque
487 4153 662 4209 oculos,
713 4141 917 4200 inverso
959 4150 1331 4201 vocabulorum

266 4233 469 4294 ordine,
500 4228 623 4279 edd.
660 4233 789 4278 vett.
823 4240 988 4290 usque
1021 4226 1086 4276 ad
1121 4225 1330 4284 Aldum,

267 4311 354 4378 qui
389 4309 590 4377 primus
632 4306 710 4358 ita
751 4303 938 4371 edidit,
968 4310 1027 4366 ut
1068 4317 1206 4358 nunc
1243 4317 1333 4362 ex.

2283 391 2459 459 '7969

1402 553 1541 608 stat3
1573 547 1710 612 quod
1745 547 1928 613 reliqui
1963 547 2122 597 etiam
2151 547 2304 599 codd.
2341 564 2459 612 pro-

1400 625 1543 677 bant.
1577 626 1778 676 Deinde
1801 627 2041 676 liberasset
2070 626 2204 675 Hav·
2227 627 2308 676 lib.
2331 627 2459 677 tanti

1398 718 1535 752 mem.
1567 704 1748 754 decoris
1781 704 1892 753 siue
1927 703 2296 768 praepositione
2334 703 2458 754 edd.

1397 788 1530 830 vett.
1554 796 1670 831 cum
1688 783 1843 833 codd.
1866 783 2006 834 Flor.
2030 782 2177 833 Leid.
2193 786 2242 831 2.
2267 782 2391 833 Lov.
2410 787 2456 833 l.

1398 864 1453 906 et
1476 855 1663 921 fragm.
1685 858 1825 908 Har.
1842 873 1872 908 s
1888 874 1957 909 ιιι.
1976 873 2054 923 pr.
2087 859 2255 922 Supra
2272 872 2362 907 ιιι.
2378 862 2459 910 10.

1399 939 1416 962 ‘
1438 934 1640 983 Instare
1680 934 1913 998 Claudio,
1954 943 2014 986 nt
2054 936 2268 1000 eollegoe
2311 936 2457 984 Deos

1398 1024 1572 1060 manes
1595 1010 1775 1062 fraude
1798 1011 2079 1062 liberaret!
2131 1013 2176 1062 A
2211 1013 2338 1062 tanti
2359 1027 2454 1062 me·

1397 1088 1547 1136 uwria
1581 1088 1763 1137 decoris
1790 1089 1938 1139 Leid.
1962 1093 2010 1138 1.
2042 1090 2170 1139 Lov-
2190 1092 2240 1138 2.
2259 1092 2308 1139 3.
2332 1094 2382 1139 4.
2405 1094 2457 1138 ⁵.

1397 1161 1579 1226 fragm.
1624 1164 1759 1215 Har.
1802 1179 1834 1214 a
1875 1179 1945 1214 m.
1988 1180 2092 1216 sec.
2137 1172 2191 1217 et
2234 1165 2455 1215 Gaertn.

1398 1250 1557 1307 atque
1600 1243 1673 1292 ita
1705 1240 1873 1293 Aldus
1918 1258 2138 1309 eumque
2175 1245 2339 1295 secuti
2374 1259 2458 1296 rc·

1398 1318 1657 1369 centiores
1698 1334 1858 1385 usque
1899 1319 1964 1369 ad
2008 1319 2239 1371 Gronov.
2282 1321 2460 1372 edide-

1398 1403 1539 1452 runt,
1576 1397 1663 1461 qui
1699 1397 1970 1448 substituit
1988 1397 2050 1447 ab
2070 1399 2199 1448 tanti
2217 1399 2461 1457 memoria,

1398 1473 1535 1537 quod
1559 1473 1610 1522 in
1634 1473 1841 1537 reliquis
1859 1475 2015 1526 codd.
2040 1474 2261 1525 obtinet.
2310 1474 2460 1525 Infra

1401 1563 1608 1599 xxxvi.
1645 1554 1724 1601 17.
1757 1552 1773 1579 ‘
1799 1551 2118 1614 Quamquam
2163 1550 2206 1600 is
2252 1562 2458 1615 qnoque

1399 1626 1637 1689 egregius
1651 1626 1828 1675 titulus
1840 1633 1996 1684 esset,
2008 1627 2278 1676 liberatam
2292 1642 2321 1676 a
2336 1626 2460 1676 Phi·

1397 1702 1544 1765 lippo
1560 1710 1680 1752 ante
1695 1716 1831 1753 nunc
1849 1703 1914 1753 ab
1931 1704 2108 1753 IEtolis
2127 1709 2181 1754 et
2196 1702 2458 1753 Antiocho

1396 1778 1619 1828 liberare
1640 1777 1675 1827 ι’
1708 1779 1798 1828 ubi
1822 1781 1972 1842 plura
1996 1779 2133 1830 vide.

1465 1856 1736 1918 Numquam
1747 1855 1859 1916 fore
1891 1857 1943 1905 in
1962 1858 2303 1920 groeoecupatis
2322 1856 2458 1907 bene-

1381 1932 1504 1998 flcio
1524 1932 1702 1982 animis
1733 1947 1842 1983 vm
1877 1933 2068 1982 crimini
2105 1933 2278 1997 Ιοοιιηι]
2311 1934 2461 1983 Proe·

1398 2011 1706 2074 positionem
1730 2010 1780 2059 in
1803 2012 1906 2061 ιιόιι
1930 2017 2214 2074 agnoscunt
2239 2011 2385 2062 Leid.
2405 2014 2458 2061 2.

1397 2094 1452 2137 et
1494 2088 1619 2136 Lov.
1652 2091 1699 2137 1.
1727 2093 1783 2137 ιιι
1827 2089 1901 2137 ita
1948 2087 2185 2137 absolute
2222 2102 2458 2151 preoccu-

1394 2163 1528 2228 pati-r
1567 2163 1788 2229 beneficio
1839 2164 2013 2213 ιιιιίιιιίε
2065 2171 2302 2226 ponatur.
2386 2163 2461 2213 At

1398 2241 1583 2304 reliqui
1624 2255 1736 2290 eam
1772 2245 2069 2291 constanter
2101 2244 2327 2289 servant.
2395 2238 2461 2286 In

1399 2333 1502 2368 uno
1524 2318 1683 2367 etiam
1706 2318 1857 2369 Port.
1893 2332 1924 2365 a
1963 2330 2030 2366 m.
2066 2315 2459 2379 interpolatriee

1399 2396 1580 2447 deficit
1601 2395 1661 2446 τὸ
1680 2411 1824 2447 vero:
1845 2395 1994 2460 cujus
2010 2395 2126 2446 loco
2143 2409 2234 2443 non
2261 2393 2463 2500 recepit

1400 2474 1530 2523 LoV.
1551 2479 1601 2524 4.

1467 2551 1496 2614 §
1531 2553 1589 2598 11
1627 2548 1710 2598 Ita
1730 2548 1949 2613 prodictu
1979 2548 2083 2612 die]
2119 2548 2201 2598 Ita
2231 2501 2461 2612 prcedicto

1398 2625 1479 2674 die
1504 2626 1725 2689 Neapol.
1748 2626 1962 2689 Latinii,
1985 2634 2038 2675 et
2061 2625 2199 2675 Flor.
2222 2640 2337 2676 am.
2355 2638 2461 2676 sec.

1402 2700 1492 2764 qui
1542 2709 1697 2751 antea
1750 2700 2058 2750 exhibuerat
2107 2700 2325 2764 predicto
2365 2701 2461 2750 die.

1400 2779 1592 2828 Verum
1616 2777 1669 2827 in
1691 2776 1771 2827 bis
1795 2777 1968 2840 potins
1994 2776 2168 2826 Livius
2194 2790 2358 2840 genus
2381 2790 2463 2825 sc·

1402 2854 1552 2918 quius
1589 2853 1836 2904 adbibere
1876 2854 2088 2912 amavit,
2131 2851 2268 2918 quod
2306 2852 2461 2902 etiam

1401 2931 1589 2995 reliqui
1608 2929 1761 2980 codd.
1781 2936 2008 2979 servant.
2043 2928 2179 2977 Vide
2196 2929 2260 2977 sd
2280 2933 2463 2979 xxvii.

1403 3013 1483 3060 16.
1523 3009 1552 3072 ξ
1587 3012 1669 3057 16.
1708 3007 1942 3071 predicta
1974 3007 2051 3055 die
2093 3004 2278 3069 fragm.
2322 3005 2461 3055 Har.

1399 3087 1626 3150 producta
1667 3083 1745 3133 die
1790 3082 1935 3133 Leid.
1980 3087 2032 3132 2.
2071 3084 2196 3132 Lov.
2236 3085 2287 3131 2.
2329 3086 2378 3131 4.
2415 3087 2465 3131 δ.

1403 3162 1553 3212 Harl.
1604 3165 1654 3210 2.
1711 3159 1862 3210 Port.
1927 3159 2150 3208 Gaertn.
2212 3158 2348 3208 Hav.
2409 3165 2466 3207 et

1403 3239 1622 3289 Hearnii
1641 3239 1813 3291 Oxon.
1835 3238 1901 3287 B.
1919 3238 1992 3289 N.
2011 3238 2072 3288 C.
2094 3245 2248 3301 atque
2269 3239 2463 3295 omnes,

1404 3330 1533 3380 quas
1557 3314 1684 3376 vidi,
1708 3315 1830 3365 edd.
1854 3329 2015 3378 usque
2041 3312 2104 3363 sd
2131 3313 2470 3374 Gronovium,

1405 3392 1491 3455 qui
1548 3406 1595 3439 a.
1641 3394 1788 3440 1665.
1832 3390 1881 3439 ei
1936 3389 2206 3439 substituit
2246 3389 2466 3451 prodicta

1403 3468 1498 3518 die.
1585 3467 1650 3516 Id
1708 3474 1880 3517 autem
1926 3472 2163 3529 superest
2217 3466 2268 3515 in
2304 3459 2464 3515 Voss.

1403 3551 1646 3612 utroque,
1677 3544 1825 3594 Leid.
1847 3549 1894 3593 1.
1925 3544 2052 3593 Lov.
2078 3547 2125 3593 1.
2160 3542 2315 3592 Harl.
2341 3547 2389 3591 1.
2408 3549 2467 3592 et

1405 3620 1686 3671 Klockiau.
1773 3619 1921 3668 Idem
1979 3627 2153 3668 tamen
2179 3639 2185 3644 ·
2211 3619 2464 3682 Doujatio

1404 3697 1694 3760 displicuit,
1728 3697 1813 3761 qui
1840 3698 2072 3759 producta
2093 3695 2169 3745 die
2189 3695 2464 3760 legendum

1405 3771 1693 3827 contendit,
1735 3772 1852 3836 quia
1883 3785 2059 3821 sensus
2085 3770 2216 3820 Livii
2255 3777 2354 3828 est,
2378 3771 2467 3835 ju-

1406 3846 1594 3897 dicium
1619 3847 1670 3896 in
1694 3848 1846 3898 aliem
1878 3847 2014 3896 diem
2051 3846 2268 3896 dilatum
2289 3845 2469 3911 fuisse,

1407 3931 1463 3974 et
1483 3924 1701 3987 prodicta
1721 3924 1824 3973 dies
1844 3923 1978 3972 idem'
2000 3923 2158 3985 valet,
2194 3936 2254 3971 ac
2284 3924 2301 3951 ⁴
2331 3937 2466 3987 prae-

1407 3999 1587 4062 dicta,’
1620 3998 1752 4063 qnod
1786 3998 1871 4047 hle
1915 4012 2017 4046 non
2064 3999 2330 4048 convenit.
2393 3995 2467 4048 At

1408 4075 1528 4124 vide
1570 4090 1681 4139 quie
1728 4081 1978 4124 notantur
2012 4073 2076 4121 ad
2123 4085 2212 4123 ιιι.
2236 4077 2331 4122 ’δ’ἴ.
2363 4075 2466 4138 §⁶-

1406 4168 1510 4219 quo
1534 4154 1647 4202 loco
1669 4165 1770 4201 non
1791 4150 1962 4213 modo,
1986 4156 2044 4199 ut
2062 4156 2116 4198 et
2131 4148 2270 4213 alibi,
2291 4150 2307 4177 ‘
2328 4148 2465 4199 diem

1408 4227 1720 4294 prodicere'
1776 4227 2042 4292 patienter
2086 4226 2223 4290 tulit,
2268 4224 2360 4275 sed
2411 4234 2467 4274 et

1409 4312 1553 4359 recte
1577 4306 1839 4374 exposuit,
1862 4318 2059 4358 caussae
2080 4302 2315 4356 diceudae
2336 4309 2469 4354 tem-
