2934 4925
464 374 641 442 7870

537 534 785 599 Inprom‘so
819 535 997 596 adorti,
1030 533 1187 599 primo
1228 536 1428 585 clamore
1458 540 1535 584 at·

469 626 560 677 que
601 612 765 675 inpetu
817 611 1003 678 cepere]
1067 612 1322 677 Improvisi
1380 613 1534 662 Port.

470 687 607 754 quod
632 683 814 738 eadem
839 685 1004 737 forma
1015 687 1219 738 dictum
1241 686 1401 751 foret,
1434 701 1536 753 qna

473 780 539 815 ιι.
570 770 651 815 86.
717 766 733 793 ‘
759 763 907 813 Adeo
943 762 1151 814 infensa
1194 771 1310 814 erat
1355 772 1539 814 coorta

471 842 670 907 plebsz'
703 841 791 891 ubi
814 841 917 891 alia
955 842 1193 906 exempla
1229 841 1394 891 videri
1420 855 1534 905 pos-

472 924 613 968 sunt.
670 918 842 969 Quum
865 923 1038 967 tamen
1060 917 1245 982 reliqui
1263 931 1461 978 omnes,
1481 923 1536 966 et

472 994 613 1046 inter
635 1009 722 1044 eos
746 994 903 1045 etiam
929 995 1155 1045 melioris
1191 1000 1351 1059 notae,
1383 992 1536 1044 codd.

445 1075 739 1138 ,vulgatum
764 1079 992 1128 servent,
1024 1072 1076 1122 id
1111 1071 1406 1122 mutandum
1430 1087 1535 1123 non

476 1149 734 1199 existimo.
801 1148 1049 1211 Inpmviso
1072 1156 1243 1198 autem
1267 1149 1414 1198 Livio
1435 1148 1542 1199 fre·

477 1224 869 1287 quentissimum
892 1231 988 1273 est.
1019 1225 1190 1288 Supra
1213 1238 1280 1274 n.
1307 1230 1385 1275 11.
1421 1226 1538 1275 ‘In-

477 1307 657 1350 tentus
678 1302 731 1348 in
755 1300 1078 1349 occasionem
1103 1302 1288 1351 multos
1308 1301 1459 1351 simul
1483 1307 1541 1352 et

477 1374 670 1427 effusos
706 1377 966 1440 inproviso
1003 1376 1311 1426 adoriundi.’
1347 1391 1437 1427 111.
1459 1381 1543 1428 23.

475 1452 494 1481 ⁴
513 1451 705 1502 Arcem
727 1453 1071 1502 Tusculanam
1095 1454 1363 1517 inproviso
1385 1464 1541 1505 nocte

477 1527 694 1590 capiunt
715 1526 749 1576 ι’
782 1528 878 1577 boc
916 1528 1008 1577 lib.
1049 1543 1096 1577 c.
1120 1531 1202 1577 83.
1267 1530 1544 1580 ‘Patenti-

480 1604 578 1654 bus
613 1604 778 1666 portis
820 1619 975 1669 quum
1023 1605 1288 1669 inproviso
1332 1606 1543 1656 incidis·

480 1679 632 1731 sent.’
665 1694 767 1730 vn.
789 1685 870 1731 86.
936 1680 1138 1733 ‘Quem
1176 1682 1438 1731 incautum
1470 1682 1544 1732 in-

480 1757 688 1821 proviso
710 1757 943 1809 adortae.’
1010 1771 1196 1809 xxvn.
1223 1764 1307 1809 28.
1340 1766 1356 1789 ‘
1376 1759 1548 1822 Magis

487 1835 608 1901 quia
629 1836 893 1899 inproviso
915 1835 967 1885 id
992 1819 1207 1893 fecera't,
1231 1851 1381 1901 quam
1407 1836 1545 1900 qnod

489 1926 588 1975 par
624 1912 815 1963 viribus
852 1919 1010 1977 esset,
1044 1928 1237 1978 anceps
1282 1921 1547 1963 certamen

483 1988 635 2040 erat!
671 1996 783 2040 αδ.
816 1991 833 2020 ⁸
854 1989 1130 2054 Inproviso
1154 1991 1204 2039 in
1229 2004 1405 2054 agrum
1431 1990 1550 2039 Uti-

484 2077 694 2117 censem
726 2069 1114 2117 exscensiouem
1150 2066 1315 2118 fecit.’
1350 2080 1551 2117 xxxvt.

488 2147 569 2193 38.
634 2151 649 2173 ‘
685 2146 860 2194 Nocte
927 2145 1193 2208 inproviso
1244 2153 1419 2196 castra
1481 2146 1549 2198 Q.

483 2220 706 2270 Minucii
753 2220 1077 2285 proconsulis
1121 2222 1354 2284 adgressi
1398 2222 1550 2273 sunt.'

486 2309 740 2346 xxxvm.
783 2301 863 2349 80.
925 2300 1133 2348 ‘Nocte
1171 2299 1339 2348 adorti
1381 2300 1550 2349 vicum

487 2374 824 2436 maritimum,
862 2376 1073 2425 nomine
1114 2377 1245 2441 Lau,
1287 2375 1550 2440 inproviso

488 2449 847 2515 occupavere?
900 2464 1051 2503 xmv.
1099 2457 1179 2504 86.
1244 2456 1260 2483 ⁶
1290 2452 1347 2504 si
1396 2463 1550 2506 nocte

487 2528 755 2591 inproviso
778 2528 948 2580 valida
966 2543 1119 2579 manu
1140 2529 1413 2593 adgressus
1432 2545 1554 2580 nec-

489 2602 763 2669 opinantes
788 2605 961 2656 esset.'
1030 2607 1098 2657 Et
1123 2607 1200 2656 ita
1223 2607 1432 2671 passim.
1455 2608 1555 2658 Im-

488 2683 676 2746 proviso
706 2687 896 2734 adortos
915 2685 1143 2735 Florent.
1184 2701 1213 2736 a
1236 2700 1304 2735 m.
1328 2700 1435 2736 sec.
1467 2686 1558 2735 im·

484 2763 677 2823 proviso
696 2765 854 2814 adorti
888 2765 1106 2828 clamore,
1132 2780 1230 2814 uua
1254 2779 1384 2815 voce
1406 2764 1553 2814 omis·

490 2852 568 2899 sa,
583 2838 802 2890 Gaertu.
840 2842 1560 2906 improviso-adortipostmodum

490 2916 692 2966 clamore
725 2918 879 2968 Voss.
898 2923 948 2968 2.
983 2922 1112 2973 Lov.
1133 2924 1182 2970 2.
1204 2924 1253 2969 8.
1297 2925 1353 2969 et
1374 2918 1558 2982 fragm.

493 2992 637 3043 HaV.
667 2995 767 3044 nisi
788 2995 927 3061 quod
955 2997 1006 3045 in
1033 2997 1307 3060 posteriori
1343 2997 1561 3060 iusuper

496 3069 567 3117 sit
602 3070 876 3133 improvisu.
943 3073 1137 3121 Verum
1176 3073 1435 3136 emphasis
1477 3080 1559 3122 est

494 3143 550 3193 in
572 3159 702 3195 voce
730 3148 903 3210 primo,
936 3156 994 3197 ut
1033 3147 1154 3196 inde
1190 3149 1455 3212 probetur,
1492 3148 1557 3197 ad

498 3219 804 3272 Cortuosam
852 3223 978 3271 nibil
1041 3223 1338 3273 certaminis
1384 3222 1559 3274 fuisse.

500 3293 684 3348 lenuit
707 3297 845 3346 enim
869 3298 1046 3346 Livius
1070 3305 1173 3346 tam
1197 3300 1423 3348 molliter
1441 3299 1560 3348 hos·

500 3378 583 3421 tes
625 3373 900 3436 restitisse,
936 3382 1010 3431 ut,
1049 3389 1112 3424 ne
1154 3376 1312 3424 semel
1352 3376 1560 3441 quidem

497 3449 723 3511 repulsis
745 3448 1013 3512 Romanis,
1037 3451 1226 3501 iterato
1244 3454 1471 3503 clamore
1495 3442 1562 3504 de

498 3525 707 3588 integro
750 3539 839 3573 eos
887 3527 1135 3576 invadere
1187 3542 1398 3578 necesse
1460 3544 1563 3581 non

501 3602 680 3654 fuerit.
747 3605 831 3654 Ita
855 3618 892 3655 ι.
916 3610 996 3654 11.
1038 3609 1054 3636 ‘
1079 3607 1194 3657 Fusi
1217 3608 1374 3671 igitur
1394 3611 1563 3673 primo

501 3681 685 3745 inpetu
719 3689 776 3731 et
810 3683 1035 3733 clamore
1067 3683 1275 3733 hostes:
1312 3686 1562 3748 oppidum

502 3766 712 3824 captum
738 3777 751 3810 ι
776 3760 793 3784 ’
828 3760 925 3811 boc
948 3762 1036 3811 lib.
1072 3775 1119 3811 c.
1152 3765 1233 3811 10.
1288 3769 1304 3792 ‘
1324 3762 1563 3828 Comple—

504 3836 674 3901 tisque
706 3832 854 3887 fossis
892 3839 1046 3888 scale
1088 3838 1334 3901 admotae,
1369 3846 1425 3889 et
1461 3842 1565 3891 cla-

503 3925 655 3961 more
672 3915 839 3975 primo
860 3914 1143 3981 inpetuque
1160 3915 1406 3980 oppidum
1424 3918 1566 3981 capi·

509 3987 629 4037 tur!
660 4002 707 4037 c.
748 3993 833 4038 29.
879 3992 897 4019 ‘
923 3990 1100 4041 Primo
1136 3993 1319 4057 inpetu
1358 4007 1420 4045 ac
1460 3995 1566 4043 cla·

507 4077 652 4114 more
671 4063 908 4130 dissipati
930 4067 1138 4117 ordines
1171 4068 1332 4119 sunt!
1363 4075 1564 4120 v11.87.

509 4139 736 4188 ‘Castra
771 4154 927 4203 quum
968 4143 1134 4205 primo
1160 4143 1388 4194 clamore
1411 4152 1568 4210 atque

507 4215 694 4278 inpetu
738 4217 995 4280 cepisset!
1040 4226 1172 4272 vm.
1213 4225 1295 4271 lo.
1360 4220 1569 4274 ‘Quum

508 4291 685 4344 hostes
709 4292 775 4344 ab
797 4293 1079 4359 superioris
1092 4297 1250 4348 etiam
1274 4300 1573 4350 certaminis

1171 389 1384 439 No‘rAE
1435 388 1841 438 VAluoRUM

1894 389 1975 437 IN

1611 532 1861 583 memoria
1894 530 2111 595 pauidos
2136 530 2358 580 clamore
2397 535 2560 595 atque
2599 527 2672 579 in-

1612 617 1740 672 petu
1787 610 1951 673 primo
2004 605 2259 657 fudisset.’
2328 605 2470 655 Hinc
2520 603 2672 654 facile

1612 686 1743 734 victi
1781 686 1880 733 ‘ne
1916 684 2136 748 primum
2162 682 2370 747 quidem
2396 684 2672 731 clamorem

1609 768 1768 826 atque
1790 761 2022 825 inpetum
2057 760 2361 809 sustinuisse
2382 759 2395 781 ’
2428 759 2675 808 dicuntur

1610 852 1671 889 x.
1706 842 1790 887 41.
1854 838 2004 888 ‘Nec
2045 838 2416 887 sustinuissent
2456 837 2677 897 primum

1611 916 1894 965 clamorem
1934 907 2093 979 at'que
2130 915 2364 977 inpetum
2410 913 2677 962 Romano·

1611 1007 1745 1054 rum,
1772 1005 1865 1056 per
1889 991 2084 1055 aliquot
2108 991 2222 1055 jam
2247 988 2571 1057 annosyinci
2594 988 2680 1036 ad·

1612 1069 1780 1120 sueti.’
1849 1082 1982 1119 xxv.
2006 1073 2091 1118 21.
2121 1073 2137 1096 ⁴
2153 1070 2292 1131 Ergo
2311 1082 2377 1117 ne
2401 1069 2680 1116 clamorem

1611 1148 1820 1213 quidem
1837 1153 1993 1211 atque
2011 1147 2242 1210 inpetum
2261 1145 2483 1209 primum
2506 1157 2679 1192 eorum

1615 1224 1834 1273 Romani
1872 1221 2203 1272 sustinuere-⁹
2238 1237 2285 1271 c.
2317 1226 2400 1272 41.
2455 1228 2471 1249 ⁶
2493 1221 2681 1285 Itaque

1613 1300 1750 1350 baud
1774 1302 1944 1364 magni
1964 1299 2264 1349 certaminis
2286 1296 2404 1347 fuit.
2473 1298 2686 1347 Primus

1614 1381 1811 1429 clamor
1833 1386 1991 1443 atque
2026 1380 2234 1441 inpetus
2273 1392 2380 1426 rem
2406 1375 2684 1427 decrevit?

1619 1458 1817 1507 Contra
1837 1457 2056 1506 militum
2077 1456 2142 1505 de
2164 1455 2406 1514 victoria,
2432 1454 2564 1503 licet
2584 1468 2683 1504 nou

1618 1533 2027 1598 desperantium,
2065 1538 2294 1582 attamen
2331 1531 2684 1581 laborantium

1618 1611 1818 1674 signum
1864 1618 1999 1668 erat,
2035 1611 2075 1659 si
2116 1612 2311 1660 clamor
2343 1615 2686 1660 renovaretur

1621 1702 1681 1736 ac
1707 1687 2167 1750 redintegraretur.
2236 1685 2373 1734 Vide
2398 1685 2464 1734 ad
2491 1699 2570 1735 ιν.
2603 1689 2684 1735 37.

1620 1766 1723 1828 §Q
1758 1764 2220 1829 Praeterea‚primo
2251 1765 2472 1825 clangore
2512 1763 2564 1812 in
2600 1762 2684 1811 ed.

1622 1842 1874 1905 Campani
1899 1850 2221 1899 esse,monet
2237 1840 2410 1891 Gebh.
2433 1854 2596 1904 supra
2619 1840 2684 1889 ad

1622 1931 1670 1967 c.
1692 1921 1742 1966 2.
1776 1919 1804 1980 §
1841 1921 1921 1967 12.
1973 1917 2126 1980 Saepe
2158 1917 2235 1966 11ae
2275 1929 2427 1966 voces
2466 1917 2519 1965 in
2555 1917 2686 1967 Mes.

1625 1996 1930 2045 commutari
1958 1993 2147 2043 solent.
2201 1994 2339 2043 Vide
2365 1994 2487 2043 Nic.
2522 1993 2689 2043 Hein-

1626 2071 1757 2120 sium
1800 2070 1867 2119 ad
1909 2071 2108 2121 Nason.
2145 2071 2281 2120 Met.
2327 2084 2415 2120 111.
2456 2075 2572 2121 706.
2622 2070 2688 2120 ad

1624 2148 1762 2198 Met.
1809 2161 1913 2198 ιιι.
1953 2152 2070 2198 628.
2120 2154 2174 2198 et
2224 2149 2402 2196 Burm.
2460 2147 2528 2196 ad
2575 2145 2692 2196 Val-

1627 2224 1803 2274 Flacc.
1826 2238 1890 2273 n.
1909 2228 2024 2274 389.
2088 2225 2280 2273 Verum
2315 2225 2412 2274 boc
2447 2225 2565 2273 loco
2590 2238 2690 2273 uon

1626 2300 1781 2350 modo
1804 2297 1981 2350 omues
2012 2301 2166 2351 codd.
2200 2308 2255 2350 et
2292 2300 2476 2366 reliqui
2511 2300 2693 2349 excusi

1624 2378 1826 2427 clamore
1845 2377 2154 2443 defendunt,
2175 2379 2266 2427 sed
2304 2377 2463 2426 etiarn
2503 2376 2691 2427 stridu--

1626 2456 1706 2506 lus
1730 2456 1810 2506 bic
1843 2472 1997 2507 sonus
2033 2455 2278 2508 militibus
2313 2471 2538 2521 pugnam
2569 2455 2693 2505 inci·

1628 2534 1894 2598 pientibus
1929 2548 2034 2583 non
2067 2534 2335 2595 convenit,
2363 2533 2557 2597 quibus
2599 2534 2693 2582 cle·

1627 2624 1802 2659 morem
1832 2610 1884 2659 in
1922 2611 2049 2660 locis
2077 2625 2235 2674 supra
2266 2609 2492 2659 laudatis
2517 2609 2693 2659 Livius

1631 2693 1929 2737 constanter
1982 2687 2213 2751 tribuit.=
2267 2684 2340 2735 At
2378 2692 2395 2717 ⁸
2430 2686 2647 2748 clangor
2680 2684 2696 2707 ³

1631 2770 1712 2813 est
1735 2764 1938 2825 avium;
1978 2763 2125 2829 (vide
2160 2764 2225 2813 ad
2247 2777 2302 2812 v.
2324 2766 2405 2812 47.
2439 2765 2469 2827 ξ
2493 2762 2577 2827 4.)
2614 2760 2695 2811 vel

1630 2839 1897 2904 lituorum,
1932 2839 2200 2900 tubarum,
2237 2838 2585 2902 similiumque
2620 2839 2696 2888 in·

1631 2923 2052 2978 strumentorum,
2086 2918 2299 2982 quorum
2353 2929 2473 2963 usus
2518 2922 2603 2963 est
2642 2914 2695 2964 iu

1632 2995 1818 3044 castris
1842 3008 1904 3044 ac
1929 2993 2136 3057 proeliis.
2203 2990 2338 3040 Vide
2372 3006 2488 3054 quae
2517 2989 2698 3039 notavi

1634 3071 1701 3122 ad
1726 3072 1841 3121 Silii
1866 3085 1919 3121 v.
1940 3074 2052 3121 199.
2122 3070 2191 3118 Et
2215 3069 2311 3116 boc
2335 3081 2487 3116 sensu
2508 3067 2700 3117 clamo·

1634 3162 1742 3197 rem
1787 3148 1929 3202 viris,
1974 3148 2269 3210 clangorem
2316 3144 2457 3194 tubis
2509 3143 2700 3194 tribuit

1632 3226 1820 3289 virgil.
1856 3224 1970 3275 AEn.
2004 3239 2066 3274 ιι.
2097 3227 2213 3273 813.
2281 3221 2564 3270 ‘Exoritur
2594 3221 2699 3269 cla-

1634 3316 1847 3367 morque
1869 3303 2055 3357 virum,
2081 3301 2396 3363 clangorque
2421 3296 2703 3346 tubarum?

1636 3380 1878 3445 Denique
1900 3394 1997 3428 vox
2022 3380 2204 3442 inpetu,
2227 3391 2378 3441 quam
2406 3380 2622 3424 servant
2647 3390 2702 3421 a·

1635 3456 1712 3517 lii,
1734 3465 1914 3506 etcum
1932 3458 2132 3505 clamore
2147 3454 2336 3518 saepius
2360 3467 2517 3516 supra
2525 3453 2705 3515 junxit

1640 3533 1838 3592 Livius,
1854 3531 2061 3593 ¹exsulat
2087 3531 2218 3579 male
2242 3529 2306 3578 ab
2327 3528 2480 3577 Harl.
2500 3534 2552 3577 2.
2623 3529 2700 3576 At

1639 3616 1819 3657 contra
1835 3608 2016 3657 addita
2035 3621 2159 3655 voce
2171 3608 2326 3670 primo
2340 3606 2548 3654 clamore
2560 3610 2704 3667 atque

1636 3686 1802 3749 inpetu
1822 3686 1871 3734 vi
1890 3699 2048 3747 cepere
2073 3682 2290 3748 praefert
2312 3683 2469 3732 Voss.
2494 3686 2544 3732 1.
2581 3697 2612 3731 a
2639 3695 2704 3729 m.

1640 3774 1721 3823 pr.
1786 3761 1980 3809 Verum
2017 3767 2160 3809 recte
2184 3761 2368 3824 postea
2391 3759 2588 3809 additis
2610 3773 2706 3808 no-

1641 3837 1708 3885 tis
1730 3837 1971 3886 librarius
2002 3849 2114 3885 eam
2154 3849 2424 3899 perperam
2453 3836 2704 3898 scriptam

1640 3927 1751 3962 esse
1776 3912 2023 3962 ostendit.
2064 3913 2160 3961 ‘Et
2183 3910 2393 3960 videtur
2416 3925 2481 3959 ex
2511 3911 2704 3960 scholio

1642 3988 1908 4053 marginali
1940 3990 2038 4038 buc
2068 3989 2371 4050 inrepsisse.
2438 3988 2598 4044 Nam,
2623 3988 2707 4035 ‘vi

1641 4064 1868 4128 capere'
1914 4071 1970 4118 et
2025 4064 2244 4128 ‘inpetu
2284 4077 2476 4127 capere
2503 4062 2519 4085 ’
2569 4064 2705 4112 idem

1643 4155 1776 4198 esse,
1813 4140 2035 4190 vidimus
2078 4140 2144 4188 ad
2184 4148 2301 4203 cap.
2349 4152 2506 4201 praec.
2559 4142 2588 4204 ς
2627 4142 2707 4187 10.

1644 4218 1830 4269 Paullo
1848 4225 1970 4268 aute
1991 4217 2291 4282 prepositio
2304 4216 2391 4266 ’Δά
2407 4217 2543 4268 male
2556 4216 2708 4267 omis·

1644 4311 1706 4348 sa
1727 4304 1845 4347 erat
1864 4296 1920 4346 in
1939 4294 2093 4346 Harl.
2116 4298 2164 4343 1.
2195 4300 2252 4345 et
2272 4292 2422 4345 Leid.
2444 4299 2496 4344 1.
