2934 4925
731 423 801 472 τ.
849 420 1041 471 mvn
1089 420 1289 471 rus-r.
1336 420 1489 473 ms.
1538 423 1639 474 vi.
1683 423 1853 473 oAP.
1896 407 2004 474 ll.

261 568 366 615 tam
382 564 397 587 '
428 562 629 616 dixerit
645 564 861 636 Sueton-
881 566 935 617 in
957 565 1177 631 Vespas-
1199 581 1248 617 ο.
1269 570 1320 617 4.

259 642 473 694 ‘Rediit
516 652 664 694 certe
707 644 865 704 nibilo
899 646 1216 709 opulentior,
1261 651 1321 694 ut

259 719 364 784 qui.
403 733 571 784 prope
593 720 852 771 labefacta
868 721 979 784 jam
1002 718 1125 776 fide,
1150 720 1321 770 omnia

257 795 457 859 praedia
472 795 625 848 fratri
643 798 890 861 obligarit
904 796 943 847 :’
964 798 980 825 ‘
999 797 1318 847 labefactare

255 871 451 929 fidem‚'
487 874 573 924 ubi
600 882 772 925 tamen
806 882 821 904 ‘
841 873 1007 926 fldes'
1040 875 1142 924 alio
1164 888 1318 924 sensu

256 952 544 1014 accipitur,
597 951 733 1001 dixit
785 952 963 1001 Livius
1015 962 1181 1000 xxiv.
1233 953 1317 1000 20.

254 1025 621 1092 ‘Quamquam
660 1028 901 1077 simulata
944 1027 1129 1077 lenitas
1167 1026 1319 1077 nibil·

254 1101 372 1152 dum
420 1102 712 1168 profuerat,
744 1111 919 1154 tamen
953 1119 1048 1169 spe
1091 1102 1318 1153 labefac-

248 1178 426 1228 tandae
465 1179 593 1230 fidei
637 1180 777 1230 haud
815 1178 1116 1229 absistens!
1166 1178 1319 1243 Idem,

251 1255 538 1320 profidem,
571 1257 705 1307 male
741 1256 897 1306 etiam
931 1256 982 1305 in
1006 1254 1316 1320 quibusdam

250 1330 410 1380 codd.
448 1332 643 1397 legitur
668 1345 859 1382 xxvn.
888 1335 971 1381 5⁰.
1006 1334 1107 1397 §⁷.
1141 1345 1318 1395 quem-

249 1408 532 1459 admodum
546 1418 741 1471 antem,
756 1409 827 1460 ibi
845 1410 1048 1460 literam
1067 1407 1317 1458 initialem

244 1487 335 1536 τοῦ
363 1487 524 1552 fidem
554 1503 583 1536 a
617 1487 762 1537 vocis
796 1486 983 1550 prioris
1016 1483 1159 1535 finali
1191 1500 1216 1534 s
1248 1483 1316 1535 ob

246 1563 506 1613 ductuum
542 1562 933 1615 similitudinem
966 1564 1315 1626 interceptam

242 1652 383 1701 esse,
424 1639 702 1689 verisimile
724 1646 828 1695 est,
858 1639 935 1688 ita
964 1639 1119 1689 etiam
1144 1636 1196 1687 id
1219 1639 1316 1689 boc

243 1716 369 1767 loeo
390 1715 507 1767 fieri
532 1720 706 1782 potnit
728 1732 761 1767 a
787 1715 930 1765 finali
953 1716 1094 1766 vocis
1113 1729 1316 1779 praece-

243 1792 427 1843 dentis
452 1798 493 1844 t.
552 1795 686 1844 Nam
710 1793 846 1844 inter
865 1793 917 1843 F
936 1800 991 1843 et
1013 1793 1071 1851 T,
1093 1805 1314 1856 preser-

244 1870 344 1921 tim
367 1871 421 1920 in
458 1870 718 1934 scriptura
735 1870 987 1924 Romana,
1011 1882 1200 1931 magna
1235 1873 1317 1919 est

240 1946 511 1998 adfinitas.
524 1946 859 2011 Cetei-oquin,
869 1944 1051 1996 eadem
1068 1946 1222 1997 litera
1233 1946 1314 1996 vel

238 2024 435 2075 addita
456 2025 538 2074 vel
562 2025 768 2088 omissa,
789 2026 807 2053 ⁸
824 2023 965 2073 acies
981 2023 997 2047 ⁹
1016 2029 1073 2073 et
1092 2032 1108 2054 ⁶
1123 2021 1313 2074 saeies’

237 2115 352 2152 non
366 2115 486 2151 raro
503 2102 554 2150 in
568 2102 693 2151 Mss.
703 2100 951 2152 confundi
967 2102 1154 2151 solent.
1176 2100 1311 2151 Vide

238 2176 372 2227 Nic.
397 2176 670 2228 Heinsinm
700 2179 766 2228 ad
792 2177 954 2228 Ovid.
984 2178 1207 2228 Metam.
1231 2191 1314 2228 ιν.

236 2255 366 2303 461.
383 2263 440 2302 et
465 2253 808 2318 Oudendorp.
828 2253 893 2303 ad
914 2254 1149 2305 Frontin.
1165 2268 1246 2305 lv.
1260 2258 1311 2304 7.

236 2343 326 2381 ex.
354 2334 441 2381 82.
500 2331 797 2395 Donjatius,
827 2330 1082 2395 praefatns
1117 2345 1220 2381 non
1253 2330 1308 2381 id

233 2421 402 2473 agere
423 2407 702 2465 Manlium,
716 2422 783 2457 ne
798 2407 1145 2459 creditoribus
1164 2409 1310 2457 satis·

231 2483 418 2547 fieret,
456 2500 613 2551 quum
650 2500 741 2534 sua
772 2486 883 2549 ipse
917 2485 1140 2549 pecunia
1164 2485 1307 2536 debi-

232 2566 348 2611 tum
395 2563 716 2622 exsolveret,
759 2561 921 2611 moliri
948 2560 1104 2627 fidem
1145 2575 1307 2625 expo·-

231 2637 470 2689 nendum
495 2639 735 2703 putabat,
752 2640 836 2689 vel
858 2638 981 2689 fidei
1003 2640 1143 2689 inter
1162 2638 1309 2689 debi-

232 2719 383 2766 tores
404 2721 463 2764 et
485 2715 772 2765 creditores
790 2716 1171 2766 intercedentis
1198 2716 1308 2765 vin-

230 2791 416 2842 culum
443 2793 629 2843 tollere
651 2793 851 2854 conari,
868 2793 955 2843 vel
976 2793 1074 2843 sibi
1096 2793 1197 2857 ipsi
1218 2794 1307 2845 ad·

230 2876 465 2932 struere,
502 2884 566 2919 ac
599 2870 903 2932 machinari,
936 2876 995 2920 ut
1029 2877 1142 2919 tota
1175 2869 1305 2919 fides

229 2960 402 3011 penes
440 2961 602 2997 unum
639 2953 801 3009 esset,
834 2949 1110 3012 omniaque
1143 2960 1304 3011 nego·

229 3023 306 3075 tia
327 3024 570 3075 civitatis
595 3024 661 3073 ab
690 3024 805 3087 ejus
840 3031 970 3073 nutu
995 3024 1307 3088 penderent.

228 3100 435 3150 Verum
462 3099 642 3163 priori,
665 3107 758 3150 aut
779 3108 924 3149 certe
958 3114 1060 3151 non
1083 3099 1304 3149 multum

227 3176 477 3230 dissimili
511 3192 669 3228 sensu
703 3178 1016 3228 locutionem
1039 3178 1195 3228 etiam
1219 3186 1305 3227 ac·-

228 3263 498 3319 eeperunt
555 3255 798 3320 Sigonius
854 3262 909 3305 et
966 3255 1303 3317 Gronovius3

226 3334 580 3398 posteriorem
605 3340 779 3384 antem
800 3346 905 3382 non
928 3332 1079 3397 hujus
1099 3333 1198 3384 loci
1222 3346 1301 3382 es-

229 3423 305 3468 se,
340 3411 508 3459 docet
551 3409 734 3460 addita
767 3409 921 3466 ratio,
954 3423 1050 3458 cnr
1076 3409 1303 3459 Manlius

225 3486 393 3537 fidem
416 3487 591 3537 moliri
613 3488 860 3550 coeperit,
877 3488 1010 3552 qnod
1036 3488 1154 3537 aeris
1176 3488 1301 3538 alie·

227 3565 282 3616 ni
326 3565 533 3616 stimuli
590 3566 815 3615 acriores
858 3565 981 3615 sint.
1049 3565 1298 3615 Ceterum

224 3643 458 3706 angariis
494 3642 682 3704 legibus
719 3643 896 3706 inepte
919 3649 1001 3691 est
1022 3641 1074 3692 in
1101 3642 1226 3695 Lov,
1253 3647 1301 3693 1.

228 3719 433 3783 Legum
488 3720 806 3783 agrariorum
861 3717 1107 3784 frequens
1162 3719 1300 3784 apud

225 3796 440 3847 Livium
466 3803 523 3847 et
546 3796 675 3847 alios
700 3797 893 3847 mentio
911 3796 1163 3859 obcurrit.
1214 3797 1301 3847 De

223 3873 327 3922 illis
361 3873 528 3923 variis
564 3872 887 3936 temporibus
924 3874 1042 3923 latis
1075 3873 1195 3923 vide
1218 3873 1301 3924 Si·

217 3964 351 4014 gon.
374 3950 450 4000 de
474 3951 653 4015 Antiq.
675 3946 792 4002 Jur.
817 3950 941 4000 Ital.
963 3963 1027 3999 ιι.
1049 3953 1099 3998 2.
1163 3949 1300 4000 Tum

223 4028 446 4077 tribunis
458 4026 588 4090 plebi
605 4026 825 4090 primum
850 4026 1095 4091 adparuit
1116 4025 1169 4076 in
1183 4027 1304 4080 Jac-

226 4103 490 4154 Gronovii
546 4102 670 4153 edd.
723 4116 942 4167 eamque
983 4104 1297 4167 scripturam

223 4194 432 4244 nupera
488 4180 1003 4230 Amsteloedamensis
1050 4180 1298 4230 servavit.

229 4255 369 4306 Alibi
396 4258 601 4322 quidem
622 4258 770 4321 plebi,
793 4272 888 4322 pro
907 4257 1076 4322 plebis,
1102 4258 1184 4307 vel
1199 4260 1300 4322 ple·

228 4332 321 4390 lei,
346 4331 629 4386 formatum
662 4335 846 4394 fuisse,
882 4336 1106 4388 vidimus
1132 4335 1201 4386 ad
1232 4349 1296 4385 n.

2279 408 2456 476 7911

1391 571 1474 617 42.
1491 568 1586 632 96.
1600 567 1683 618 bic
1701 573 1877 618 tamen
1894 567 1946 617 id
1964 566 2256 618 errantibus
2279 566 2457 630 operis

1392 644 1784 709 typographicis
1821 644 2150 695 tribuendum
2185 657 2297 694 esse
2330 644 2455 693 olim

1393 721 1686 784 videbatur,
1720 736 1820 770 non
1861 721 2015 771 modo
2060 721 2180 786 quia
2216 720 2366 783 plebis
2399 720 2454 769 in

1390 796 1624 848 omnibns
1647 798 1909 861 prioribus
1930 799 2137 862 excusis
2159 804 2455 861 supererat,

1391 886 1569 922 verum
1605 875 1762 923 etiam
1796 874 1922 937 plebi
1963 874 2017 924 in
2053 875 2194 923 nullo
2229 874 2331 924 Ms.
2375 887 2455 922 re·

1391 949 1677 1012 periebam.
1735 950 1928 999 Eorum
1948 951 2081 999 enim
2099 950 2333 1013 plerique
2350 949 2455 1012 pls-

1390 1026 1463 1077 bt‘s
1507 1025 1818 1090 preferunt,
1854 1028 1941 1076 alii
1972 1028 2213 1089 ambigue
2249 1027 2457 1077 tribunis

1384 1104 1512 1169 pleb.
1536 1104 1621 1155 alii
1646 1105 1858 1154 tribunis
1872 1106 1943 1167 pl.
1968 1105 2054 1154 aiii
2079 1105 2288 1154 tribunis
2305 1120 2356 1169 p.
2390 1104 2453 1154 In

1392 1181 1542 1232 Laid.
1562 1190 1736 1232 antem
1755 1185 1799 1231 l.
1816 1183 2006 1231 Lov.2.
2020 1185 2072 1231 8.
2089 1185 2140 1231 4.
2161 1189 2217 1231 et
2231 1181 2456 1232 Gaertn.

1392 1274 1494 1309 vox
1528 1260 1658 1322 plebi
1694 1258 1893 1309 deficit.
1954 1260 2147 1308 Verum
2183 1273 2339 1324 quum
2371 1259 2451 1308 bis

1392 1334 1444 1383 in
1486 1335 1718 1385 chartam
1753 1335 2009 1397 conjectis
2042 1341 2225 1383 nactus
2273 1334 2451 1398 plures

1391 1412 1544 1464 codd.
1566 1410 1773 1475 fuerim,
1796 1426 2075 1476 eorumque
2093 1412 2230 1462 Flor.
2251 1419 2304 1462 et
2325 1412 2454 1461 Lov-

1390 1494 1439 1539 6.
1471 1504 1502 1538 a
1535 1504 1602 1539 m.
1634 1502 1713 1552 pr.
1738 1488 1865 1553 plebs·
1887 1487 2193 1550 exhibeant,
2212 1501 2327 1537 eam
2342 1489 2454 1538 lee-

1390 1566 1587 1615 tionem
1610 1578 1746 1615 nunc
1778 1578 1877 1614 non
1911 1564 2057 1627 potui
2090 1578 2191 1613 non
2216 1564 2453 1628 probare.

1392 1642 1630 1706 Denique
1656 1641 1872 1701 fuissent
1908 1641 2042 1690 Flor.
2080 1655 2113 1690 a
2146 1654 2218 1691 m.
2253 1654 2360 1694 see.
2394 1647 2452 1691 et

1388 1717 1541 1767 Harl.
1575 1721 1624 1767 2.
1657 1725 1719 1768 ut
1745 1718 2001 1768 voluerint
2019 1732 2143 1781 qtae,
2166 1731 2354 1782 nempe
2378 1718 2451 1768 le·

1389 1808 1480 1859 ges
1515 1794 1756 1858 agrariae,
1776 1794 1990 1855 fuissent
2027 1794 2228 1844 materia
2257 1795 2454 1844 aditio·

1386 1888 1518 1923 aaut.
1582 1874 1777 1923 Verum
1819 1872 2110 1923 videbimus
2150 1872 2217 1922 ad
2262 1885 2451 1922 xxxu.

1388 1954 1471 1999 80.
1492 1952 1521 2016 ς
1545 1956 1595 2001 6.
1626 1949 1832 2001 Livium
1858 1950 2046 2014 passim
2062 1963 2347 2015 pronomen
2369 1964 2450 2000 re-

1389 2028 1607 2077 lativum
1650 2042 1754 2077 nen
1790 2027 1855 2076 ad
1896 2027 2217 2092 praecedens,
2245 2026 2337 2075 sed
2369 2040 2453 2075 se·

1386 2119 1549 2171 quens
1573 2119 1760 2155 nomen
1785 2103 1983 2155 referre
2017 2105 2221 2154 solitum
2254 2101 2450 2166 fuisse3

1388 2197 1492 2248 quo
1514 2197 1659 2246 casu,
1681 2191 1740 2231 ut
1761 2182 2014 2240 hocloco,
2031 2181 2244 2231 verbum
2261 2180 2446 2231 eodem

1386 2260 1545 2310 etiam
1587 2273 1820 2316 numero,
1856 2273 1960 2324 quo
2000 2271 2303 2322 pronomen,
2325 2258 2449 2321 Jun—

1386 2334 1613 2400 gendum
1654 2349 1788 2399 esse,
1819 2336 1952 2384 ratio
1987 2333 2160 2385 docet.
2224 2334 2450 2384 Servan-

1385 2412 1507 2463 dum
1554 2413 1712 2477 igitur
1752 2427 1859 2478 quoe
1911 2412 2115 2463 materia
2138 2413 2337 2477 ficisset,
2383 2418 2444 2464 ut

1384 2488 1581 2539 habent
1617 2490 1797 2555 reliqui
1831 2491 2038 2555 scripti,
2073 2491 2169 2540 nisi
2207 2491 2341 2555 quod
2358 2490 2447 2550 fin·

1380 2567 1478 2618 isse
1515 2568 1840 2618 librariorum
1875 2580 2052 2617 errore
2086 2567 2156 2618 sit
2184 2568 2237 2618 in
2262 2564 2448 2631 fragm.

1384 2643 1526 2694 Hav-

1447 2720 1676 2771 Acriores
1710 2721 1880 2785 quippe
1908 2719 2024 2769 ‹ev-is
2050 2719 2199 2768 alieni
2228 2718 2448 2768 stimulo·

1379 2797 1505 2860 esse]
1538 2798 1657 2848 Aer.
1681 2798 1872 2862 quidem
1896 2797 2009 2846 εει-ὑ
2026 2797 2172 2846 alieni
2191 2798 2321 2846 stim.
2346 2810 2449 2846 esse

1381 2877 1529 2927 Leid.
1561 2880 1611 2925 2.
1641 2889 1697 2926 et
1731 2876 1859 2924 Lov.
1891 2879 1938 2924 1.
1978 2888 2084 2924 ner.
2106 2873 2277 2938 quippe
2295 2872 2446 2923 alieni

1377 2953 1509 3003 stim.
1532 2968 1634 3004 esse
1659 2953 1811 3002 Port.
1857 2951 2008 3002 alieni
2038 2952 2204 3015 quippe
2233 2950 2444 3000 acriores

1378 3031 1512 3082 stim.
1535 3046 1635 3080 esse
1651 3030 1801 3080 Harl.
1818 3035 1870 3080 2.
1907 3029 2020 3079 Liv.
2038 3042 2174 3078 xxx.
2192 3032 2272 3078 44.
2291 3028 2309 3056 ⁴
2326 3028 2444 3078 Nee

1380 3109 1436 3158 in
1471 3109 1546 3159 eis
1581 3108 1860 3173 quidquam
1885 3108 2078 3169 acrius,
2108 3119 2262 3171 qnam
2287 3117 2445 3169 pecu·

1379 3187 1483 3237 niae
1505 3187 1767 3243 damnum,
1790 3183 2057 3235 stimulat?

1446 3265 1561 3313 Non
1594 3268 1853 3326 egestatem
1888 3263 2024 3311 modo
2057 3267 2199 3324 atque
2238 3257 2444 3322 moni-

1378 3340 1512 3390 niom
1548 3338 1814 3401 minatur]
1848 3338 1969 3388 Vox
2004 3339 2138 3387 modo
2172 3332 2376 3386 exsulat
2415 3348 2448 3384 a

1379 3417 1528 3468 Leid.
1548 3421 1599 3466 2.
1662 3416 1862 3466 Deinde
1885 3416 2130 3466 minentur
2152 3411 2443 3477 preferunt

1378 3495 1510 3544 Lov.
1538 3482 1602 3544 b·
1646 3500 1704 3542 et
1749 3492 1897 3542 Port.
1941 3491 2154 3541 minatur
2198 3489 2346 3539 Harl.
2389 3491 2442 3537 2.

1377 3571 1485 3621 Sed
1501 3578 1666 3621 totum
1681 3568 1736 3619 id
1755 3568 1970 3619 verbnm
1987 3567 2166 3618 deficit
2184 3566 2236 3616 in
2256 3563 2441 3630 fragm·

1380 3648 1519 3697 Hav.

1446 3723 1610 3772 Neu-vo
1629 3735 1687 3770 ac
1704 3719 1910 3770 vinealis
1928 3732 2096 3782 corpus
2123 3716 2319 3765 liberum
2342 3719 2439 3765 tera

1374 3799 1556 3863 vitent]
1592 3799 1722 3860 Cap.
1759 3799 1839 3846 14.
1877 3795 2006 3845 dicit
2060 3793 2401 3843 ‘servitutem
2425 3789 2443 3813 ⁹

1377 3891 1440 3925 ac
1475 3870 1747 3925 ‘vincula.'
1804 3871 1938 3921 Hoec
1977 3877 2032 3921 et
2075 3870 2176 3919 alia
2219 3870 2440 3934 scripto·

1379 3967 1493 4003 rum
1524 3958 1755 4000 veterum
1775 3947 1974 4003 loomin
1992 3946 2178 4010 quibus
2203 3945 2440 4009 pecnnia

1369 4027 1597 4094 judicati
1615 4024 1913 4088 addictique
1929 4024 1980 4071 in
1994 4030 2012 4052 ⁴
2027 4021 2279 4084 nervum‚’
2300 4029 2315 4050 ‘
2334 4021 2442 4070 vin·

1378 4107 1535 4168 cula,'
1572 4103 1590 4132 ‘
1612 4101 1918 4151 servitutem
1939 4098 1954 4122 ’
1994 4107 2051 4149 et
2096 4099 2114 4128 ⁴
2134 4097 2442 4162 careeremss

1376 4182 1520 4231 docti
1577 4180 1838 4241 dicuntur,
1882 4176 2191 4227 confirmant
2232 4182 2441 4224 senten-

1376 4260 1503 4312 tiam
1526 4259 1728 4309 iliorum
1751 4258 1841 4321 qui
1866 4262 2074 4320 putant,
2111 4255 2314 4318 legibus
2336 4262 2445 4299 xn-

1376 4338 1672 4388 tsbularum
1701 4347 1804 4385 non
1835 4333 2045 4384 licuisse
2079 4327 2444 4388 creditoribus,
