2934 4925
760 390 830 445 τ.
874 393 1062 447 mvn
1112 395 1308 448 ffl‘s'r.
1355 397 1500 449 mn.
1547 400 1614 448 v.
1658 398 1821 450 oAP.
1860 386 1968 451 52.

275 534 540 590 transferri
555 538 742 602 posse?
760 537 877 591 Non
896 540 1138 591 volebant
1154 555 1328 592 secum

279 613 435 666 Veios
461 612 745 671 transferre
777 616 868 665 illa
902 632 1063 673 sacra,
1084 632 1199 683 qnae
1228 619 1327 667 Ro·

275 706 409 740 mam
451 691 723 742 transferri
780 695 1074 758 religiosum
1138 694 1329 758 fuerat,

274 782 453 818 verum
491 785 586 819 sua
632 786 801 831 sacra,
830 788 945 837 quae
976 775 1156 824 Romae
1196 775 1331 824 cole-

277 839 483 895 bantur}
550 847 607 897 Si
645 848 766 911 quid
814 850 1138 912 mutandum,
1180 849 1330 900 reflu-

278 936 412 986 gam‚
461 924 559 979 An,
601 925 648 973 ει·
681 939 742 974 ex
761 926 963 976 hostium
993 927 1205 990 urbibus,
1245 931 1327 992 &a

279 999 557 1062 Doujatius
577 1001 854 1063 religiosam
873 1008 961 1063 eet,
985 1005 1204 1067 exponit
1224 1006 1331 1053 ‘re-

271 1076 455 1139 ligioni
490 1078 804 1128 conveniens
845 1080 959 1131 est.’
1024 1083 1138 1147 Ego
1173 1084 1332 1147 plane

277 1152 538 1204 contrario
570 1168 727 1203 seusu
748 1156 947 1221 accipio
964 1173 1058 1221 pro
1077 1175 1138 1209 eo
1159 1160 1176 1188 ‘
1192 1161 1331 1226 quod

275 1226 459 1289 religio
475 1228 584 1278 sive
603 1232 908 1294 superstitio
926 1234 1035 1284 fieri
1054 1237 1333 1299 prohibet-³

276 1304 445 1368 Supra
467 1319 533 1358 ιι.
552 1311 600 1356 5.
634 1309 651 1337 ‘
670 1308 853 1373 Campi
874 1308 1093 1362 fructum
1116 1313 1234 1378 quia
1252 1329 1333 1365 re-
1359 1359 1380 1378 ,

278 1383 512 1445 ligiosum
562 1394 677 1435 erat
710 1400 1031 1450 consumere,
1073 1390 1329 1454 dejectam

281 1473 394 1508 cum
432 1468 719 1512 stramento
759 1473 990 1528 segetem
1038 1481 1219 1529 magna
1254 1469 1331 1517 vis

279 1536 537 1587 hominnm
562 1537 711 1588 simul
731 1540 941 1591 inmissa
973 1543 1215 1592 corbibus
1248 1543 1332 1594 fu·

279 1612 403 1662 dere
438 1614 494 1662 iu
532 1614 824 1665 Tiberimx'
855 1618 942 1667 ubi
987 1620 1122 1668 vide.
1154 1634 1234 1669 vx.
1251 1624 1338 1671 27.

276 1690 294 1719 ⁴
317 1690 574 1748 Censores
597 1692 686 1742 alii
704 1693 830 1744 vitio
852 1696 1016 1745 creati
1040 1711 1138 1746 non
1160 1711 1335 1761 gesse-

280 1773 403 1816 runt
419 1767 812 1831 magistratum:
852 1774 1039 1827 tertios
1062 1774 1231 1822 creari
1254 1788 1333 1823 re-

278 1842 513 1906 ligiosum
537 1842 669 1894 fuit-⁵
720 1846 916 1896 Eodem
941 1862 1098 1898 sensu
1119 1847 1333 1913 ‘religio

279 1916 393 1969 est’
424 1927 484 1970 et
518 1928 531 1949 ⁸
552 1922 788 1984 religioni
819 1931 901 1973 est
924 1923 941 1948 '
977 1927 1216 1989 usurpari
1252 1941 1335 1976 so-

279 1996 404 2045 lent.
473 1998 610 2047 Vide
646 1996 712 2048 ad
738 2012 791 2047 v.
821 2005 901 2051 13.
938 2003 966 2066 §
999 2007 1048 2051 8.
1093 2004 1334 2068 ‘religio-

278 2086 394 2123 nem
418 2072 599 2125 facere
619 2080 633 2102 '
663 2075 798 2126 dixit
818 2090 898 2127 rx.
919 2081 1002 2128 26.
1051 2080 1068 2107 ⁸
1091 2080 1337 2131 Traditur

275 2149 395 2198 inde
410 2150 558 2202 dictu
577 2151 828 2211 mirabile,
846 2161 901 2203 et
913 2156 1048 2219 quod
1072 2156 1335 2208 dimoven-

276 2227 356 2276 dis
383 2235 522 2278 statu
547 2243 640 2278 suo
663 2230 825 2280 sacris
844 2232 1140 2295 religionem
1160 2231 1335 2283 facere

276 2304 496 2366 posset.'
557 2306 613 2354 Si
660 2320 839 2356 vocem
882 2321 1036 2358 sensu
1093 2310 1334 2375 Doujatii

274 2381 522 2444 accipias,
548 2382 633 2431 vix
667 2389 808 2433 stare
841 2386 1036 2447 poterit
1061 2388 1336 2437 ratiocina-

277 2456 350 2507 tio
374 2456 601 2507 Camilli.
655 2458 709 2508 Si
732 2459 865 2508 enim
887 2475 1036 2511 sacra
1058 2459 1336 2514 transferri

275 2535 392 2585 olim
418 2536 660 2600 religioni
683 2538 995 2589 conveniens
1028 2538 1221 2604 fuerat,
1241 2557 1337 2592 eur

273 2612 324 2661 id
350 2615 541 2663 iterum
563 2612 673 2663 fieri
698 2615 905 2678 piaculo
928 2615 1106 2667 foret?
1149 2619 1337 2684 Neque

275 2690 408 2739 ratio
433 2688 744 2741 differentiae
777 2694 940 2743 statui
976 2701 1178 2759 potest,
1199 2696 1336 2760 quod

277 2779 424 2814 sacra
444 2767 566 2814 olim
595 2768 809 2817 Romam
833 2771 1083 2820 translata
1119 2771 1337 2831 fuerint,

276 2855 414 2890 nunc
436 2841 596 2891 Veios
630 2843 682 2891 in
717 2843 898 2895 urbem
918 2844 1139 2895 hostium
1167 2855 1337 2899 trans-

277 2916 560 2968 ferrentur.
628 2921 767 2970 Urbs
804 2923 942 2971 enim
979 2923 1115 2987 Veii,
1161 2925 1204 2974 si
1241 2926 1340 2989 ipsi

278 2994 430 3044 etiam
458 2995 676 3045 Romani
690 2996 754 3046 e‘o
775 2999 1081 3062 migrarent,
1098 3002 1209 3066 jam
1234 3017 1337 3054 nou

278 3072 495 3135 amplius
519 3080 633 3122 erat
648 3074 769 3123 urbs
789 3074 1030 3133 hostium,
1054 3078 1144 3126 sed
1169 3080 1341 3141 patrie

280 3145 627 3196 Romanorum
653 3151 943 3201 eveniebat.
1011 3153 1253 3204 Ceterum
1275 3159 1339 3208 nd

279 3226 611 3284 nostrasferri
635 3227 787 3277 Leid.
811 3230 859 3276 1.
913 3229 1054 3279 Olim
1080 3246 1183 3284 una
1205 3235 1338 3287 serie

276 3302 524 3364 scriptum
549 3301 720 3353 fuerat
749 3305 1061 3366 noatrciql‘erri
1080 3323 1098 3356 .·
1130 3321 1341 3360 evanes-

282 3387 433 3428 cente
476 3379 668 3430 deinde
719 3381 923 3445 virgula
969 3387 1341 3454 suprascripta,

279 3457 449 3507 literae
492 3459 631 3506 male
686 3459 739 3507 in
778 3473 897 3510 suas
963 3475 1136 3511 voces·
1161 3463 1341 3515 divisae

283 3539 418 3591 sunt,
484 3533 570 3584 Ad
587 3539 753 3584 nostro
770 3525 981 3600 perferri
1003 3538 1146 3587 Flor.
1164 3539 1215 3588 in
1236 3554 1344 3604 quo

282 3607 467 3659 deinde
491 3624 585 3672 per
606 3626 808 3661 erasum
841 3621 940 3662 est.
1003 3613 1086 3664 Aa
1117 3617 1347 3675 nosset-ri

283 3683 467 3749 fragm.
492 3684 631 3736 Hav.
655 3690 717 3736 ad
737 3702 821 3737 vos
841 3689 1096 3749 transferri
1117 3691 1339 3743 Gaertn.

286 3762 486 3813 Deinde
518 3778 656 3813 sacra
692 3765 753 3814 in⁴
802 3766 929 3815 Lov.
969 3770 1018 3815 4.
1067 3768 1341 3830 religiosum

270 3839 374 3897 fuit
418 3841 471 3889 in
501 3839 688 3906 fragm.
722 3843 859 3893 Hav.
905 3859 1176 3910 perperam
1212 3845 1348 3897 defi--

283 3915 439 3967 ciunt.

348 3994 484 4044 Hinc
502 3995 609 4045 sine
632 3996 821 4059 piaculo
855 3997 910 4046 in
943 3999 1145 4049 hostium
1180 4000 1340 4050 urbem

293 4067 428 4128 Veios
445 4071 808 4136 transferemus]
830 4073 950 4124 Sine
961 4076 1169 4138 periculo
1191 4077 1246 4126 H
1250 4079 1344 4128 erl.

287 4148 335 4193 2.
364 4148 624 4210 quomodo
648 4164 788 4213 saepe
810 4150 1137 4202 librariorum
1158 4168 1341 4205 manus

289 4221 570 4289 aberrasse,
603 4231 676 4291 et,
703 4241 797 4289 pro
827 4228 1032 4293 piaculo,
1066 4230 1343 4295 perieulum,

281 4299 544 4367 notiorem
581 4318 798 4368 sonem,
849 4306 1000 4361 nobis
1038 4308 1345 4373 obtrusisse„

2282 387 2456 458 ‘7819

1399 544 1601 594 monuit
1643 539 1925 595 Burmann.
1967 545 2033 597 ad
2075 546 2282 599 Pbaedr·
2328 549 2459 604 Fan.

1401 632 1477 672 ιν.
1499 624 1581 669 25.
1604 625 1686 672 ⁸4.
1735 623 1820 672 Ita
1851 629 1910 673 et
1943 631 2193 687 peccatur
2220 627 2317 676 boe
2338 642 2456 692 cap.

1402 697 1431 760 ξ
1458 699 1538 744 13.
1606 698 1816 748 Deinde
1845 699 2048 749 hortium
2068 702 2245 759 urbem,
2270 703 2460 756 omissa

1402 773 1790 836 propositione,
1836 776 1965 824 Lov.
1996 781 2046 824 5.
2096 776 2248 825 Harl.
2289 783 2339 828 2.
2402 785 2459 829 et

1401 850 1553 900 Port.
1623 850 1855 902 Tandem
1893 851 2227 912 transferimus
2267 852 2458 918 fragm.

1403 926 1542 976 Har.
1569 926 1788 978 Hearnii
1811 928 1986 979 Oxon.
2007 930 2057 979 N
2061 962 2076 976 .
2097 936 2154 980 et
2175 929 2298 979 edd.
2318 933 2462 994 prin-

1402 1001 1562 1064 cipes.
1634 1001 2018 1064 Trmisferremus
2037 1006 2185 1054 Voss.
2222 1013 2456 1072 uterque.

1409 1077 1763 1139 Tronqt'eremus
1828 1081 2046 1142 primum
2104 1081 2349 1144 adparuit
2403 1083 2460 1131 in

1405 1152 1626 1204 Mediol.
1655 1159 1798 1204 1495.
1833 1155 1952 1206 hinc
1989 1157 2038 1205 in
2075 1158 2278 1208 Veneta
2314 1162 2462 1209 1498.

1406 1235 1517 1279 tum
1553 1231 1605 1280 in
1646 1232 1886 1295 Mognnt.
1919 1233 2251 1299 omnibusque
2282 1248 2465 1286 recen-

1406 1305 1641 1357 tior-ibus.
2458 1333 2463 1340 ·

1472 1383 1500 1446 §
1533 1386 1566 1432 9
1600 1382 1797 1439 Quoties
1827 1399 1962 1434 sacro
1992 1385 2341 1453 instaurentur]
2376 1388 2467 1438 In«

1403 1462 1690 1508 staurantur
1712 1460 1858 1509 Leid.
1879 1465 1929 1511 2.
1964 1468 2020 1512 et
2052 1464 2179 1513 Lov-
2199 1468 2249 1514 2.
2279 1470 2465 1515 restoa-

1403 1540 1572 1584 reatar
1624 1536 1847 1585 Geel-tn.
1905 1538 2033 1587 Lov-
2084 1544 2136 1589 5.
2215 1542 2366 1591 Port-
2407 1548 2469 1592 et

1407 1610 1547 1660 Hav.
1565 1616 1947 1666 restaurarentur
1966 1615 2114 1663 Harl·
2133 1620 2181 1666 2.
2226 1617 2365 1681 qnod
2388 1618 2466 1667 ni-

1404 1687 1496 1737 hili
1522 1688 1734 1738 verbum
1768 1704 1898 1746 esse,
1928 1691 2078 1741 liodie
2113 1693 2250 1742 inter
2284 1708 2465 1746 omnes

1406 1773 1629 1816 constat.
1696 1766 1880 1815 Varias
1900 1766 2168 1819 doctorum
2188 1771 2254 1819 de
2276 1784 2340 1821 eo
2357 1772 2467 1836 opi·

1406 1843 1588 1893 niones
1607 1844 1834 1908 conlegit
1849 1843 2150 1896 Guntberus
2174 1849 2225 1897 in
2246 1849 2467 1901 Latinit-

1409 1920 1668 1978 restituta.
1730 1920 1861 1969 Mox
1892 1935 1954 1971 ex
1986 1920 2114 1984 p’mo
2143 1925 2263 1979 ritu,
2291 1925 2346 1974 id
2386 1931 2469 1976 eet

1408 2011 1471 2047 ex
1506 1998 1677 2061 primo,
1717 1997 1846 2046 Lov.
1879 2003 1929 2049 5.
1985 1999 2114 2048 Tum
2163 2002 2469 2064 neglegentia

1409 2073 1548 2123 Flor.
1568 2081 1628 2123 et
1666 2065 1815 2126 Leid.
1853 2079 1902 2124 1.
1946 2074 2083 2126 Vide
2117 2076 2214 2134 lioc
2241 2092 2361 2142 cap.
2396 2077 2469 2132 ad

1410 2151 1438 2214 §
1462 2154 1513 2200 4.

1477 2224 1594 2274 Nisi
1633 2225 1918 2277 mtanroetio
1957 2242 2198 2279 morum
2239 2231 2473 2295 wop-‘esto-

1406 2316 1602 2367 rumque
1621 2304 1884 2367 renovatio]
1928 2304 2353 2371 Auspiciorumque
2389 2322 2471 2358 re·

1408 2379 1594 2427 vocatio
1615 2379 1751 2430 Lov.
1786 2387 1835 2429 5.
1868 2394 1989 2431 cum
2026 2383 2177 2433 Port.
2233 2392 2288 2432 et
2327 2383 2467 2434 Har..

1410 2455 1709 2520 Saepissime
1727 2457 1840 2508 haec
1854 2457 1956 2508 duo
1973 2459 2229 2511 vocabula
2244 2474 2473 2511 commu-

1410 2532 1513 2582 tari
1537 2535 1708 2584 solent
1743 2535 1794 2583 in
1828 2536 1956 2585 Mss.
1990 2536 2127 2587 Vide
2160 2538 2225 2586 ad
2262 2551 2348 2588 ιιι.
2386 2542 2470 2587 61.

1410 2610 1438 2673 §
1459 2613 1510 2658 7.
1562 2610 1843 2674 Vulgatum
1866 2612 1953 2662 hic
1973 2627 2144 2663 verum
2164 2621 2263 2665 est.
2297 2615 2470 2678 Supra

1408 2687 1506 2736 hoe
1528 2687 1618 2738 lib.
1643 2703 1693 2738 c·
1730 2693 1814 2739 31.
1848 2699 1863 2721 ⁸
1890 2691 2301 2757 consulibusque
2331 2705 2469 2740 mor-

1407 2762 1474 2813 bo
1516 2764 2041 2829 inplicitisplancuit
2078 2782 2175 2831 per
2212 2769 2470 2830 interreg-

1408 2854 1529 2890 num
1570 2845 1805 2891 renovari
1840 2843 2107 2908 aruspicia?
2173 2858 2250 2894 vr.
2274 2850 2323 2894 5.
2358 2845 2473 2895 ‘Ut

1408 2926 1787 2969 renovarentur
1815 2920 2068 2983 auspicia,
2101 2935 2184 2971 res
2217 2921 2283 2971 ad
2308 2921 2469 2972 inter·

1410 3009 1625 3059 reguum
1650 2995 1841 3046 rediit?
1872 2996 2024 3048 Quod
2049 3005 2222 3047 etitem
2245 2997 2326 3047 liic
2351 2999 2366 3026 ‘
2389 3011 2468 3046 re-

1410 3072 1739 3125 novationem
1778 3072 2155 3135 suspiciorurn³
2190 3079 2362 3130 vocat,
2385 3089 2470 3125 su-

1413 3164 1509 3212 pra
1545 3151 1818 3212 ‘repetere
1850 3150 2113 3212 auspicia’
2143 3150 2275 3201 dixit
2307 3165 2353 3201 c.
2391 3154 2472 3201 17.

1414 3231 1430 3255 ⁶
1456 3225 1623 3278 Unam
1661 3225 2007 3287 expiationem
2045 3239 2222 3276 eorum
2249 3241 2380 3290 esse,
2408 3233 2472 3276 ut

1417 3301 1612 3351 tribuni
1654 3303 1872 3352 militum
1922 3302 2229 3355 abdicarent
2269 3318 2327 3354 se
2365 3319 2475 3354 ma-

1416 3380 1669 3444 gistratu:
1716 3380 1948 3444 auspicia
1971 3380 2037 3430 de
2074 3382 2282 3445 integro
2319 3395 2470 3444 repe-

1419 3462 1674 3511 terentur,
1719 3463 1775 3505 et
1812 3457 2160 3520 interregnum
2217 3456 2475 3508 iniretur.’

1415 3532 1551 3582 Vide
1590 3532 1658 3582 Η.
1694 3533 1957 3584 Valesium
1999 3535 2064 3584 ad
2098 3549 2221 3585 vm.
2252 3538 2333 3583 30.
2366 3536 2471 3599 §2-

1412 3609 1619 3658 Vocula
1631 3609 1731 3658 nisi
1750 3610 1881 3659 male
1901 3612 2144 3673 neglecte
2165 3618 2246 3660 est
2269 3626 2298 3659 a
2314 3610 2473 3659 libra·

1415 3684 1494 3734 rio
1540 3684 1678 3735 HaV.
1724 3684 1818 3734 sed
1856 3686 1973 3750 ejus
2009 3687 2126 3737 loco
2161 3692 2218 3736 ut
2254 3684 2474 3749 praefert

1416 3764 1543 3812 Lov.
1565 3766 1614 3810 5.
1662 3762 1849 3812 Paullo
1873 3769 1992 3812 ante
2011 3762 2156 3811 Modo
2175 3777 2282 3825 quoe
2302 3777 2379 3812 res
2399 3765 2474 3811 est

1414 3842 1542 3890 Lov.
1564 3845 1614 3890 4.
1649 3841 1781 3889 male
1806 3839 1985 3889 addita
2007 3839 2188 3888 ultima
2211 3854 2360 3889 voce.

1478 3917 1697 3976 Adseetoe
1731 3916 1916 3967 Veienti
1947 3916 2063 3965 bello
2093 3917 2363 3980 reipublic-ce
2397 3931 2474 3966 re·

1412 3994 1565 4044 medio
1590 3993 1718 4056 suit]
1771 3992 1963 4044 Veiente
2002 3993 2118 4043 bello
2155 3996 2307 4045 Harl.
2336 4000 2386 4044 2.
2419 4000 2476 4044 et

1413 4072 1564 4121 Port.
1609 4073 1779 4135 Supra
1799 4085 1861 4120 ιι.
1879 4075 1962 4121 48.
1984 4077 1999 4100 ’
2015 4070 2064 4121 Α
2085 4072 2307 4124 Veiente
2326 4072 2474 4127 horte

1415 4149 1592 4200 clades
1635 4148 1889 4212 accepta!
1945 4162 2000 4198 v·
2043 4154 2095 4199 5.
2151 4157 2165 4180 ‘
2193 4150 2473 4198 Etruscum

1415 4226 1607 4276 bellum
1635 4227 1964 4293 proVeiente
1995 4223 2349 4276 concitatum?
2384 4224 2472 4273 Iu-

1416 4304 1501 4356 fra
1541 4318 1619 4357 vr.
1661 4309 1712 4355 2.
1776 4306 1793 4334 ‘
1822 4306 2035 4357 Partem
2072 4319 2222 4356 unam
2259 4304 2310 4354 in
2344 4316 2471 4367 agro
