2934 4925
731 390 801 437 Τ.
846 387 1038 437 mvn
1086 388 1284 438 mser.
1333 389 1476 437 mn.
1523 388 1592 440 v,
1638 391 1801 440 cae.
1846 375 1952 441 16.

248 529 309 577 eii
342 541 640 592 praenomen
677 528 872 593 primus
908 530 1139 593 reposuit
1174 530 1299 580 Fro-

249 606 418 654 benius
437 620 484 656 a.
500 610 649 657 1531.
686 606 882 656 Omnes
897 608 1093 670 priores
1108 607 1300 655 habue-

247 688 360 730 runt
380 682 444 729 P.
455 681 662 742 Furius,
677 682 814 747 quod
838 691 893 732 et
907 691 1143 747 superest
1161 682 1300 744 apud

246 770 322 805 me
358 757 409 828 in
448 758 608 806 codd.
648 758 876 822 scriptis,
910 765 1132 822 excepto
1165 756 1302 807 forte

246 849 340 884 uno
365 834 506 886 Flor.
528 848 598 883 ex
633 851 736 901 qno
770 836 893 884 nihil
927 836 1095 885 notari
1130 835 1181 884 in
1214 850 1300 884 ex·

243 911 427 974 cerptis
473 912 651 960 video.
719 913 782 961 P.
820 912 995 961 Furius
1033 912 1187 962 etiam
1220 918 1304 962 est

247 988 377 1051 apud
402 987 697 1037 Hearninm
719 989 771 1037 in
809 988 980 1038 Oxou.
1001 988 1063 1037 L.
1086 993 1135 1039 2.
1160 996 1215 1038 et
1236 990 1302 1039 B.

243 1064 398 1113 Male.
432 1061 581 1112 Alibi
614 1064 750 1112 enim
778 1063 960 1114 Furius
984 1066 1302 1114 Medullinus

241 1140 330 1188 hoc
353 1140 677 1204 praenomine
700 1141 754 1189 in
769 1141 917 1190 Livio
934 1156 1035 1190 uon
1055 1141 1305 1199 obcurrit,

242 1223 488 1265 ettamen
517 1217 636 1280 jam
659 1224 880 1281 quartum
912 1219 1147 1268 tribunus
1182 1233 1302 1269 con»-

240 1293 418 1354 sularis
463 1294 681 1344 dicitnr.
749 1295 944 1345 Contra
989 1297 1162 1358 plnres
1206 1297 1304 1347 hoc

242 1374 470 1433 tempore
523 1372 593 1421 L.
633 1372 776 1443 Furii
820 1373 1093 1422 Medullini
1159 1374 1304 1425 vixe-

241 1455 372 1508 runt,
400 1447 722 1511 summisque
758 1448 808 1496 in
841 1448 1112 1512 republica
1144 1450 1302 1500 hono-

241 1522 371 1569 ribus
392 1520 565 1571 functi
590 1529 726 1571 sunt.
761 1523 894 1573 Vide
918 1523 982 1572 ad
1005 1538 1084 1573 lv.
1105 1529 1187 1575 44.
1207 1528 1234 1589 ξ
1253 1530 1300 1576 1.

241 1598 435 1648 Deinde
455 1603 636 1662 quarto
658 1606 738 1648 est
760 1600 810 1647 in
835 1599 984 1649 Harl.
1003 1603 1054 1648 2.
1078 1608 1132 1650 et
1156 1602 1303 1652 Port.

241 1675 318 1725 Ita
339 1692 480 1740 saepe
507 1679 564 1726 in
597 1675 676 1724 his
707 1677 923 1740 aliisque
953 1678 1302 1728 numeralibus

241 1754 434 1802 variant
470 1754 683 1818 scripti.
740 1754 878 1803 Vide
914 1753 979 1803 ad
1018 1758 1303 1821 11.16.§2.

239 1842 319 1878 111.
336 1834 416 1879 22.
442 1831 471 1894 ξ
495 1834 545 1880 1.
583 1844 632 1879 c.
654 1833 735 1880 29.
757 1832 786 1894 ξ.
810 1834 859 1880 8.
893 1830 991 1880 hoc
1023 1831 1115 1880 lib.
1154 1846 1201 1881 c.
1222 1836 1305 1882 24.

240 1907 330 1968 51.
362 1919 410 1954 c.
432 1910 517 1956 26.
541 1907 571 1969 ς
599 1910 648 1955 2.
693 1921 738 1955 c.
760 1910 842 1955 27.
868 1909 894 1972 ς
921 1911 1000 1955 ιο.
1032 1922 1078 1956 c.
1100 1912 1180 1956 sa.
1204 1909 1230 1972 ᾗ
1253 1913 1304 1959 s.

242 1996 283 2030 c.
302 1987 379 2031 55.
402 1983 430 2047 §
455 1988 506 2031 5.
544 1996 628 2032 vr.
652 1987 732 2032 18.
753 1984 782 2045 §
807 1986 853 2031 1.
877 1986 1021 2034 c.36.
1044 1986 1140 2048 §¹7.
1164 1989 1307 2035 ο.42.

240 2060 332 2121 §2
364 2072 467 2107 vn.
490 2063 579 2108 26.
607 2060 636 2124 ξ
659 2062 738 2107 13.
774 2071 898 2109 vm.
924 2061 1003 2108 16.
1026 2061 1054 2124 §
1077 2064 1125 2109 4.
1142 2065 1197 2109 et
1213 2061 1306 2109 ali-

241 2135 304 2189 bi.
339 2137 533 2201 Neque
553 2136 611 2184 id
633 2136 836 2199 mirum,
858 2138 1305 2202 quum,quomodo

243 2212 505 2262 dicendum
529 2211 691 2273 foret,
701 2212 812 2276 jam
837 2220 1073 2277 tempore
1098 2215 1303 2265 Cicero·

242 2291 313 2339 nis
335 2291 477 2341 docti
496 2292 551 2340 in
569 2298 751 2355 partes
769 2290 1008 2340 abierint.
1039 2291 1176 2339 Vide
1199 2306 1304 2340 om·

243 2367 382 2417 nibus
406 2375 591 2417 notum
617 2367 777 2417 Gellii
798 2368 965 2416 locum
991 2381 1048 2416 x.
1075 2373 1123 2417 1.
1165 2368 1304 2420 Quin

245 2458 302 2493 ne
324 2450 506 2507 postea
531 2444 739 2509 quidem
771 2443 883 2508 jam
914 2445 1107 2494 renatis
1140 2443 1307 2494 literis

242 2535 406 2570 omnes
430 2522 576 2571 idem
603 2521 843 2577 sensisse,
872 2528 1078 2571 constat
1101 2536 1165 2570 ex
1189 2522 1305 2571 Ma-

240 2599 317 2659 gio
341 2599 644 2649 Miscellan.
670 2611 758 2648 111.
778 2602 828 2647 9.
857 2612 1009 2661 quem
1042 2599 1138 2647 viri
1161 2597 1306 2648 docti

247 2677 305 2725 ad
329 2677 381 2727 d.
403 2678 507 2727 loc.
537 2676 695 2727 Gellii
720 2677 1019 2726 laudarunt.

298 2752 362 2803 A.
398 2753 686 2803 Postumius
719 2752 1030 2816 Regillensis]
1057 2754 1304 2818 Religien·

243 2829 304 2878 sis
346 2831 498 2879 Voss.
546 2829 720 2892 ambo,
766 2829 915 2879 Leid.
963 2830 1137 2891 ambo,
1178 2831 1305 2881 Lov.

246 2906 485 2972 quinque,
528 2907 682 2956 Harl.
709 2911 755 2957 1.
794 2906 1011 2957 Gaertu.
1037 2914 1093 2956 et
1121 2906 1304 2970 fragm.

248 2983 378 3031 Hav.
456 2984 738 3044 Religensis
776 2983 927 3032 Harl.
964 2987 1014 3032 2.
1057 2984 1208 3033 Port.
1250 2991 1306 3033 et

248 3057 375 3108 Har.
454 3060 687 3109 Aurelius
727 3059 1038 3108 posthumius
1081 3058 1305 3120 Regnen-

246 3134 326 3197 sis,
370 3137 456 3185 vel
500 3136 810 3198 Regillensis,
852 3137 1166 3186 vetustiores
1214 3152 1304 3186 ex-

249 3213 368 3274 cusi,
407 3229 506 3277 pro
552 3229 651 3276 qno
699 3213 819 3262 Auli
871 3226 1168 3275 prenomen
1212 3212 1304 3263 Al·

250 3289 336 3341 dus
360 3290 591 3341 reduxit.
625 3289 771 3338 Infra
792 3291 889 3338 hoc
906 3304 1022 3353 cap.
1045 3291 1074 3355 ξ
1096 3295 1146 3338 5.
1170 3290 1306 3338 simi-

246 3366 361 3416 liter
386 3367 440 3417 in
477 3367 690 3430 scriptis
722 3366 1066 3431 peccabatur3
1098 3368 1186 3431 qui
1210 3367 1306 3417 hoc

253 3445 355 3491 loco
395 3453 705 3494 constanter
761 3444 1026 3513 vulgatum
1074 3450 1307 3499 tuentur,

250 3520 339 3569 nisi
367 3520 504 3584 qnod
544 3533 676 3568 nnus
697 3520 826 3569 Lov.
844 3523 897 3570 4.
934 3521 981 3568 ei
1013 3521 1154 3570 Lucii
1177 3534 1306 3583 proe·

253 3610 429 3645 nomen
486 3596 708 3646 tribuat.
793 3597 880 3646 De
934 3596 1308 3660 orthographia

253 3678 413 3721 autem
468 3671 791 3735 cognominis
834 3671 951 3721 vide
993 3672 1060 3721 ad
1104 3686 1180 3725 tv,
1220 3676 1306 3724 49.

258 3750 282 3810 §
301 3753 350 3798 7.

314 3827 375 3879 Ρ.
407 3826 653 3876 Cornelius
686 3825 1055 3888 Maluginensis,
1092 3827 1158 3876 A.
1195 3827 1308 3877 Ma-

252 3903 413 3966 nilius]
461 3903 764 3967 Legendnm
805 3904 870 3954 P.
925 3904 1072 3952 Corn.
1115 3904 1308 3965 Malae.

253 3979 435 4037 iterum,
487 3996 607 4029 nam
663 3977 764 4027 fuit
818 3979 978 4029 etiam
1035 3995 1082 4027 a.
1110 3993 1305 4033 cccm-

259 4055 388 4106 Item
411 4057 472 4108 Δ.
488 4057 729 4106 Manilius
743 4056 852 4105 ΙΙΙ.
875 4057 1071 4120 quippe
1094 4059 1182 4122 qui
1205 4056 1308 4108 fuit

260 4141 407 4183 antea
427 4134 520 4195 bis,
538 4145 758 4191 μῦσαι.
779 4139 834 4187 et
853 4148 900 4182 a.
921 4146 1138 4184 ccccm.
1179 4134 1304 4187 Qui-

261 4207 374 4263 dam
402 4211 552 4260 etiam
575 4210 821 4259 Manlium
843 4215 1081 4275 meatum
1105 4214 1308 4273 putant,

263 4294 413 4352 atque
452 4289 526 4339 ita
569 4286 726 4340 codd.
767 4287 985 4359 variant.
1021 4286 1164 4338 Glar.
1243 4289 1307 4337 A.

2254 378 2425 444 7601

1375 531 1594 582 Manlius
1628 547 1694 581 ex
1724 533 2030 596 Capitolinis
2066 532 2432 592 tribunatibus.

1376 607 1548 669 sigma.
1615 610 1736 659 Non
1773 611 1980 673 quidem
2022 625 2088 659 ax
2133 610 2431 674 Capitolino

1376 684 1645 734 tribunatu
1685 685 1838 749 hujus
1895 684 2033 742 anni,
2071 686 2164 735 sed
2212 687 2430 738 duorum

1376 761 1623 825 priorum,
1644 777 1769 825 quos
1794 761 2085 812 Glareanus
2108 766 2428 815 memoravit.

1377 835 1442 886 In
1464 839 1701 888 omnibns
1728 847 1899 888 tamen
1931 839 2141 903 scriptis
2174 840 2319 900 meis,
2342 854 2432 890 ex-

1377 915 1543 977 ceptis
1568 915 1701 964 Flor.
1725 922 1780 963 et
1811 915 1956 964 Leid.
1976 920 2025 965 2.
2057 925 2293 980 superest
2319 917 2431 965 Ma-

1376 991 1552 1047 nilius3
1587 991 1677 1040 sed
1713 993 1904 1054 passim
1925 992 2000 1041 ita
2021 999 2258 1042 errarunt
2276 992 2432 1041 libra·

1378 1067 1460 1116 rii.
1509 1067 1661 1116 ,Vide
1682 1068 1748 1117 ad
1771 1082 1969 1118 xxxiv.
2003 1073 2085 1119 53.
2120 1071 2150 1133 ἦ
2171 1074 2221 1119 2.
2290 1067 2432 1120 Quid

1378 1149 1552 1194 autem
1574 1146 1638 1194 de
1661 1159 1873 1194 numero
1892 1145 2133 1195 Cornelio
2156 1153 2208 1193 et
2235 1145 2434 1196 Manlio

1378 1219 1617 1270 addendo
1675 1235 1931 1282 censeam,
1974 1221 2088 1285 jam
2141 1223 2321 1283 aperui
2376 1223 2429 1272 in

1377 1296 1547 1359 primo
1586 1297 1731 1360 hujus
1774 1298 1895 1345 anni
1938 1297 2142 1345 tribuno
2179 1296 2435 1345 consulari

1378 1372 1440 1421 L.
1460 1372 1603 1424 Julio
1624 1372 1765 1424 Julo.
1828 1372 1967 1426 Quin
2003 1379 2059 1422 et
2097 1373 2232 1421 unde
2266 1374 2432 1422 evinci

1378 1449 1589 1512 poterit,
1638 1464 1728 1498 eos
1773 1448 1988 1499 indicari
2039 1450 2330 1499 Cornelium
2378 1457 2435 1499 et

1377 1527 1650 1589 Manlium,
1676 1529 1760 1591 qni
1781 1529 2026 1578 honorem
2048 1529 2184 1577 hunc
2210 1529 2317 1592 jam
2342 1542 2431 1576 an*

1373 1607 1461 1653 tea
1484 1605 1778 1667 gesserunt?
2358 1593 2372 1601 ’

1440 1681 1790 1742 Magi-stratum
1831 1679 2063 1743 inierunt]
2109 1681 2286 1729 Ineunt
2324 1689 2432 1731 vet.

1375 1756 1465 1806 lib.
1498 1756 1666 1819 Sigon.
1731 1756 1819 1807 Ita
1840 1759 1996 1807 etiam
2023 1772 2089 1805 ex
2125 1757 2251 1805 meis
2288 1757 2437 1808 Harl.

1376 1837 1425 1884 2.
1447 1833 1598 1882 Port.
1619 1840 1673 1882 et
1698 1830 1837 1883 Hav.
1890 1834 2084 1882 Verum
2107 1847 2209 1882 non
2236 1839 2436 1882 tantum

1375 1908 1713 1970 integerrimi,
1737 1909 1828 1958 sed
1855 1915 1911 1958 et
1933 1909 2119 1973 reliqui
2138 1924 2313 1957 ornnes
2335 1908 2438 1958 dis·-

1378 1987 1634 2042 sentinnt‚
1678 1986 1937 2049 vulgatum
1980 1997 2276 2036 servantes:
2312 2000 2435 2049 quo-

1379 2076 1491 2111 rum
1514 2063 1877 2112 auctoritatem
1900 2076 2105 2124 sequor.

1443 2141 1471 2204 ς
1495 2144 1527 2188 2
1563 2138 1690 2194 Quia
1720 2139 1883 2187 multis
1906 2138 2046 2188 simul
2074 2136 2225 2198 bellis,
2250 2137 2437 2190 Volsco.-

1377 2231 1483 2266 παπ
1504 2218 1567 2265 ad
1585 2216 1787 2279 Anxur]
1822 2216 2012 2265 Melius
2040 2212 2154 2264 fluit
2178 2214 2363 2275 oratio,
2390 2216 2438 2263 si

1378 2292 1585 2357 legatur
1627 2292 1711 2356 qui
1750 2291 1863 2355 quia
1902 2291 2064 2339 mutis
2103 2291 2247 2339 simul
2285 2290 2435 2340 bellis.

1378 2370 1525 2419 an.
1575 2369 1823 2419 Ordinem
1849 2368 2232 2423 vocabulorum,
2247 2366 2333 2431 qui
2356 2374 2437 2416 est

1379 2446 1429 2495 in
1456 2446 1678 2510 vulgatis
1696 2445 2097 2509 exemplaribus,
2116 2445 2283 2494 nullus
2301 2457 2440 2493 meo·

1379 2535 1493 2570 rum
1515 2522 1670 2572 codd.
1698 2521 1915 2586 probata
1951 2535 2066 2573 nam
2101 2521 2244 2569 simul
2277 2521 2440 2569 multis

1378 2599 1574 2649 habent
1594 2614 1806 2661 omnen
1837 2598 1993 2664 quod,
2017 2612 2191 2648 eorum
2217 2599 2438 2647 auctori-

1381 2684 1493 2727 tate
1524 2676 1796 2732 adductus,
1819 2676 2015 2740 recepi.
2080 2674 2304 2738 Insuper
2333 2675 2439 2724 Vol-

1377 2768 1561 2804 scorum
1603 2753 1736 2802 bellis
1780 2753 1928 2802 Leid.
1962 2757 2012 2803 2.
2097 2752 2293 2801 Verum
2336 2765 2436 2800 non

1378 2829 1560 2891 multa,
1581 2830 1673 2878 sed
1695 2844 1850 2878 unum
1874 2837 2076 2878 tanturn
2094 2836 2208 2877 erat
2224 2828 2439 2876 Volsco-

1380 2920 1492 2955 rum
1515 2906 1578 2955 ad
1595 2904 1779 2955 Anxur
1798 2906 2009 2955 bellum.
2054 2905 2182 2953 Turn
2197 2905 2263 2952 ad
2279 2904 2441 2952 Auxit·

1383 2981 1512 3032 Lov-
1532 2987 1582 3031 2.
1620 2989 1676 3031 et
1706 2980 1889 3045 fragm.
1923 2981 2062 3030 Hav.
2095 2993 2127 3031 a
2160 2994 2227 3029 m.
2263 2994 2341 3042 pr.
2376 2982 2439 3030 ad

1379 3058 1554 3122 Anxyr
1569 3058 1707 3108 Flor.
1726 3057 1875 3107 Leid.
1887 3061 1934 3108 1.
1950 3057 2099 3107 Harl.
2112 3061 2160 3106 1.
2173 3064 2228 3104 et
2240 3056 2437 3105 Klock-

1379 3135 1485 3185 ian.
1556 3134 1696 3183 Vide
1719 3134 1782 3183 ad
1821 3137 2112 3198 1v.59.§3.
2162 3135 2439 3183 Preterea

1380 3212 1485 3274 qui,
1523 3224 1615 3273 pro
1644 3210 1773 3273 qaia,
1812 3209 1999 3273 fragm.
2036 3209 2172 3259 Har.
2211 3223 2242 3256 a
2266 3222 2336 3258 m.
2360 3223 2440 3272 pr.

1380 3286 1408 3337 Ι
1415 3297 1467 3335 ta
1482 3286 1603 3336 alibi
1618 3288 1822 3336 variant
1835 3285 1989 3335 codd.
2014 3284 2149 3334 Vide
2162 3284 2225 3333 ad
2242 3296 2441 3338 xxxvr.

1381 3366 1463 3411 ³3.
1500 3364 1601 3425 §5.
1658 3361 1798 3410 Hinc
1842 3358 1979 3410 forte
2018 3360 2229 3424 probari
2263 3366 2441 3423 posset

1383 3438 1683 3500 conjectura
1708 3437 1922 3492 Dukeri‚
1943 3438 2026 3500 qui
2052 3435 2164 3500 quia
2183 3435 2347 3485 multis
2368 3435 2439 3484 le·

1380 3514 1588 3577 gentis;
1622 3521 1681 3562 nt
1713 3513 1836 3561 illud
1872 3513 1954 3575 qui
1989 3512 2291 3575 absorptum
2319 3513 2388 3559 sit
2410 3525 2441 3558 a

1383 3588 1623 3654 sequenti
1652 3588 1780 3652 qaia.
1845 3589 1979 3637 Vide
2015 3588 2080 3636 ad
2113 3600 2190 3636 tv.
2222 3589 2305 3636 58.
2329 3588 2365 3649 ,ᾗ
2387 3589 2438 3637 ct.

1382 3666 1573 3715 Potest
1596 3674 1766 3714 tamen
1789 3663 1942 3712 etiam
1975 3663 2236 3726 vulgatum
2266 3675 2442 3709 serva·

1384 3744 1448 3794 ri.
1515 3742 1579 3792 In
1605 3741 1776 3790 verbis
1806 3739 2066 3804 praecedd.
2089 3754 2185 3786 vox
2207 3752 2330 3786 anno
2354 3738 2441 3786 de·

1382 3819 1497 3869 ficit
1519 3819 1573 3867 in
1606 3817 1755 3868 Harl.
1776 3821 1825 3866 2.
1891 3815 1953 3865 In
1988 3815 2319 3879 sequentibus
2354 3828 2443 3861 au·

1383 3905 1492 3947 tem
1513 3895 1638 3954 urbi,
1659 3909 1755 3958 pro
1778 3892 1878 3955 ubi,
1911 3899 1995 3941 est
2021 3891 2073 3941 in
2112 3891 2249 3940 Hav.
2311 3891 2440 3940 Tum

1381 3977 1445 4024 nd
1469 3972 1691 4033 Lanieos,
1715 3983 1809 4034 pro
1825 3970 1888 4018 ad
1907 3969 2125 4031 Lavieos,
2145 3969 2295 4017 Voss.
2318 3973 2367 4016 2.
2383 3975 2447 4017 ,et

1385 4053 1513 4102 Lov.
1536 4055 1587 4099 3.

1449 4127 1531 4177 Aa
1552 4126 1638 4175 hoc
1668 4122 1859 4174 Veienti
1878 4136 2076 4186 qaoque,
2097 4127 2144 4171 et
2168 4120 2371 4177 Falisco,
2394 4127 2441 4171 et

1389 4202 1621 4269 Capenati
1652 4202 1771 4251 bello
1800 4197 2067 4263 occupatos]
2097 4197 2177 4246 Ad
2196 4197 2295 4245 hoec
2318 4197 2445 4259 Lov.

1381 4286 1433 4332 4.
1453 4286 1504 4331 5.
1524 4278 1672 4329 Harl.
1692 4282 1741 4328 2.
1768 4278 1915 4328 Port.
1939 4282 1995 4326 et
2018 4273 2154 4324 Hav.
2179 4273 2436 4337 quomodo
