2934 4925
737 408 805 456 Τ.
853 408 1040 457 mvn
1093 408 1295 460 msT.
1346 411 1495 459 mn.
1529 410 1628 459 vt.
1673 413 1837 462 cAP.
1869 393 1936 461 1.

244 563 496 604 centvm.
519 558 626 602 non
664 550 794 602 alius
817 549 972 615 apud
1004 549 1207 601 Livium
1240 552 1300 603 Ι..

242 628 478 677 Valerius
514 633 850 691 memoratur,
872 643 1023 692 qnam
1063 630 1123 679 L.
1145 629 1300 679 Vale·

240 707 341 754 rius
367 706 599 768 Potitus,
621 706 709 771 qui
734 705 800 756 ab
822 720 869 755 a.
890 718 1101 758 cccxm.
1135 719 1300 770 usquc

240 782 300 831 sd
358 797 408 830 a.
452 795 686 836 ochvn.
743 782 1013 846 quinquies
1066 780 1300 838 tribunus

238 859 521 908 consularis
559 858 695 909 fuit:
734 858 872 914 unde
911 856 1101 921 efficio,
1124 857 1301 907 verisi-

237 935 353 986 mile
423 949 557 992 esse,
626 936 687 985 L.
755 933 1042 994 Valerium,
1092 934 1181 998 qni
1249 948 1297 984 a.

237 1022 493 1064 οεοινιιι.
530 1011 765 1061 interrex
798 1008 920 1071 fuit,
965 1009 1201 1060 eumdem
1237 1010 1298 1064 L.

233 1087 498 1136 Valerium
524 1086 760 1136 Potitum
781 1084 963 1147 fuisse,
980 1084 1103 1148 quia
1123 1098 1298 1134 exem·

230 1163 366 1225 plum
403 1176 510 1215 nou
545 1162 797 1225 obcurrit,
823 1161 1140 1223 interregem
1179 1175 1298 1224 pro.

231 1240 395 1288 ditum
418 1238 608 1301 fuisse,
628 1238 727 1288 nisi
748 1238 838 1303 qui
861 1238 1067 1288 summis
1092 1237 1297 1287 honori·

229 1314 322 1363 bus
378 1314 596 1366 functus
650 1321 810 1366 esset.
897 1313 1053 1364 Anno
1106 1312 1297 1364 deinde

227 1404 498 1442 cecnxnt.
520 1392 755 1442 obcurrit
788 1392 850 1441 L.
876 1390 1117 1440 Valerius
1148 1391 1297 1442 Potiu

227 1474 309 1517 tus
332 1470 551 1531 consn13
581 1469 672 1533 qui
689 1475 863 1520 utrum
887 1483 918 1516 a
943 1466 1103 1530 priori
1124 1467 1295 1517 diver-

227 1558 331 1601 sus,
349 1560 416 1596 sn
439 1545 576 1596 idem
599 1544 1012 1608 fuerit,dubium
1034 1552 1130 1594 est.
1187 1546 1296 1595 Ve-

227 1633 337 1669 rum
379 1620 646 1672 diversum
681 1635 800 1674 esse
844 1621 1144 1683 largiamur.
1210 1620 1296 1672 Ita

229 1697 295 1746 ab
331 1712 384 1747 a.
410 1710 626 1750 cccxu.
664 1709 829 1761 nsque
868 1696 934 1746 ad
969 1711 1017 1747 a.
1038 1708 1296 1754 cccnxrx.
1300 1693 1322 1735 '-

228 1775 392 1824 immo
422 1775 715 1826 diutissime
753 1774 925 1824 adbuc
964 1782 1165 1836 postea,
1192 1774 1295 1824 duo

225 1856 432 1900 tautum
450 1851 879 1904 memorabuntur
898 1851 956 1900 Ι..
974 1849 1170 1900 Valerii
1191 1850 1293 1900 Po-

227 1929 331 1990 titi,
352 1930 441 1994 qui
466 1945 531 1980 eo
555 1930 806 1995 temporis
828 1928 1002 1993 spatio
1025 1935 1106 1980 ter
1135 1928 1291 1980 inter·

224 2018 377 2068 reges
402 2005 653 2058 fuerunt:
689 2006 826 2057 unde
854 2005 1108 2070 sequitur,
1138 2005 1297 2055 alter·.

224 2092 400 2133 utrum
448 2099 625 2136 eorum
679 2085 813 2135 banc
863 2083 1170 2147 dignitatem
1209 2082 1293 2133 bis

223 2159 555 2211 obtinuisset
612 2170 682 2211 et·
714 2167 888 2212 temen
934 2158 1114 2209 Livius
1154 2159 1295 2209 nullo

224 2236 339 2287 loco
366 2252 545 2300 vocem
580 2236 834 2288 ‘iterum'
869 2235 1092 2287 addidit.
1132 2234 1292 2285 Aliud

224 2312 524 2377 exemplum
558 2321 801 2379 superest
829 2314 987 2363 etiam
1010 2312 1064 2362 in
1086 2312 1166 2362 M.
1188 2312 1291 2360 Va·

220 2389 352 2441 lerio
375 2393 570 2448 Corvo,
601 2393 687 2456 qui
725 2406 772 2442 s.
810 2402 1027 2442 cnxxu·
1060 2390 1291 2440 interrex

221 2476 544 2520 memoratur
567 2469 707 2534 apud
731 2470 999 2520 Lituvtn.
1033 2471 1117 2517 17.
1152 2475 1211 2517 et
1242 2481 1295 2519 a.

222 2557 518 2597 cnxxxtn.
538 2547 574 2595 l.
592 2560 731 2597 tx.c.
744 2550 790 2596 7.
862 2545 917 2594 Is
934 2550 1106 2595 autem
1124 2544 1292 2595 nuilus

222 2620 353 2671 alius
411 2629 513 2683 est,
559 2636 714 2686 quam
757 2621 863 2686 qui,
902 2620 1095 2671 auxilio
1148 2621 1291 2671 corvi

223 2696 380 2747 Gallo
419 2707 770 2761 provocatore
802 2709 952 2759 cmo,
972 2694 1094 2747 inde
1128 2698 1143 2725 ‘
1164 2697 1291 2747 Cor·

222 2777 265 2823 vi
282 2774 298 2797 ’
323 2789 620 2839 cognomen
644 2775 869 2837 accepit.
916 2773 987 2823 Et
1008 2779 1178 2823 tamen
1200 2787 1290 2823 ne-

221 2864 317 2913 que
341 2850 487 2901 hunc
521 2851 737 2900 ‘iterum
754 2854 769 2878 ’
795 2849 1111 2912 interregem
1134 2847 1290 2901 fuisse

223 2925 401 2977 Livius
424 2940 678 2990 expresse
699 2934 897 2983 monet.
961 2925 1102 2978 Quid
1130 2926 1290 2990 igitur

223 3002 286 3053 de
309 3017 443 3053 voce
475 3005 653 3055 iterim
680 3004 779 3054 hoc
808 3005 946 3064 loco,
965 3017 1081 3068 quae
1104 3003 1157 3052 in
1181 3019 1291 3054 om·

223 3078 374 3131 nibus
399 3078 533 3131 Mss.
564 3087 824 3145 superest,
848 3080 1182 3130 statuendum
1205 3082 1293 3146 sit,

221 3155 540 3206 acutioribus
560 3158 796 3223 relinquo
808 3155 1156 3223 cogitantium.
1190 3157 1292 3207 Mi·

221 3230 272 3279 hi
306 3246 434 3292 vero
475 3233 682 3285 Dukeri
708 3235 1010 3297 conjecturs
1046 3247 1148 3282 non
1186 3232 1289 3285 disq

224 3310 403 3371 plicet.
498 3311 734 3375 Doujatii
788 3325 913 3365 vero
973 3309 1290 3361 sententiam

222 3386 339 3437 ideo
362 3387 591 3452 probare
614 3402 837 3452 nequeo,
858 3389 979 3453 quis
1011 3387 1151 3439 aliud
1178 3388 1288 3437 nul·

222 3462 324 3515 lum
346 3465 561 3515 invenio
585 3465 900 3528 exemplum,
918 3463 1101 3515 eodem
1125 3464 1287 3513 inter-

222 3554 381 3603 regno
426 3541 676 3605 durante,
717 3542 978 3592 bonorem.
1013 3542 1290 3604 interregis

223 3617 385 3669 eidem
415 3619 496 3669 bis
522 3618 815 3669 obvenisse.
883 3620 1055 3669 Unum
1087 3624 1285 3669 tantum

222 3695 514 3758 observavi,
536 3695 674 3760 qnod
706 3695 966 3760 Doujatio
999 3694 1175 3746 favere
1195 3708 1287 3744 ex·

222 3772 432 3824 istimari
455 3780 655 3838 posset,
679 3777 816 3840 apud
840 3775 956 3825 Liv.
974 3787 1076 3826 vu.
1099 3778 1179 3825 1⁷.
1199 3774 1289 3824 ubi

221 3863 267 3901 a·
285 3862 545 3903 cccxc1x.
565 3851 706 3901 iuter
725 3856 849 3902 octo
871 3851 1162 3916 interreges
1179 3865 1286 3901 me-

224 3938 486 3979 morantur
533 3928 612 3977 M.
653 3928 836 3978 Fabius
876 3935 934 3978 et
987 3928 1290 3979 M.=Fnbius

223 4003 493 4056 Ambustus.
540 4005 763 4067 Verum,
780 4010 841 4056 ut
855 4010 1128 4069 utrumque
1146 4019 1287 4053 eum·

225 4080 338 4130 dem
361 4088 669 4144 statuamus,
695 4085 912 4131 necesse
936 4095 1034 4131 non
1051 4087 1153 4130 est.
1186 4081 1287 4129 Eo-

226 4157 338 4206 dem
372 4160 510 4208 enim
549 4165 785 4220 tempore
820 4156 950 4207 duos
986 4157 1065 4206 M.
1103 4155 1292 4206 Fabios

229 4233 504 4283 Ambustus
540 4232 752 4296 vixisse,
783 4232 1098 4297 summisque
1130 4234 1288 4282 hono-

227 4308 358 4360 ribus
377 4309 597 4362 functos
620 4324 748 4375 esse,
772 4311 990 4374 alterum
1029 4311 1097 4362 N.
1128 4311 1185 4361 F.
1207 4312 1289 4362 M.

2260 397 2434 464 '7847

1374 551 1447 603 N.
1481 551 1699 604 alterum
1736 554 1805 604 K.
1828 555 1890 605 F.
1914 555 1993 604 Μ.
2017 553 2089 605 Ν.
2120 553 2310 605 fratres
2342 570 2438 621 pa-

1376 630 1590 687 trueles,
1612 638 1816 680 constat
1835 646 1901 680 ex
1923 632 2022 680 illis
2044 645 2159 696 quae
2187 629 2432 696 Sigonius

1374 708 1576 757 notavit
1601 707 1670 757 ad
1692 722 1770 758 ιν.
1789 713 1871 759 68.
1893 712 1921 774 §
1944 713 1994 759 6.

1439 783 1495 832 Is
1526 784 1741 834 tribanos
1768 785 1974 835 anilitas·
2004 787 2242 836 cottwlem‘
2276 791 2431 850 poteo·

1373 864 1474 908 tete
1513 862 1666 923 creat]
1720 861 1822 910 His
1863 861 2078 911 tribianos
2122 859 2271 912 Leid.
2295 867 2340 912 l.
2374 871 2433 914 et

1372 935 1522 985 Harl.
1557 941 1604 987 1.
1644 951 1922 1000 perperam
1961 937 2140 987 addita
2193 939 2429 1003 adspira-

1370 1011 1533 1061 tione.
1596 1013 1736 1063 Vide
1757 1015 1821 1063 ad
1849 1027 1972 1063 vm.
1992 1018 2074 1065 24.
2095 1017 2124 1080 ξ)
2149 1020 2230 1066 16.
2294 1018 2430 1067 Con..

1372 1089 1533 1140 irario
1565 1092 1718 1140 modo
1751 1104 1998 1153 peccasse
2031 1091 2287 1155 librarios,
2307 1100 2361 1142 et
2383 1095 2431 1143 is

1373 1178 1469 1227 pro
1506 1166 1583 1215 liis
1621 1167 1903 1230 scripsisse,
1925 1168 2124 1218 dictum
2159 1177 2238 1218 est
2272 1168 2340 1217 ad
2367 1183 2431 1220 ιι.

1370 1244 1452 1291 14.
1477 1242 1506 1305 §
1528 1246 1578 1291 4.
1635 1242 1841 1293 Deinde
1859 1245 2183 1307 proconsular-i
2197 1249 2430 1306 peamau

1370 1316 1563 1368 babent
1584 1318 1730 1369 Leid.
1753 1324 1799 1369 1.
1828 1327 1884 1370 et
1906 1321 2034 1370 Lov.
2054 1325 2104 1370 2.
2123 1335 2251 1384 quas
2274 1335 2429 1374 voees

1369 1395 1656 1446 omiserunt
1678 1396 1827 1447 Leid.
1846 1402 1899 1447 2.
1926 1404 1982 1448 et
2014 1398 2212 1447 Luni.
2279 1397 2430 1447 Prae·

1367 1478 1508 1524 tere·
1528 1473 1711 1523 creavit
1731 1473 1856 1522 Lov-
1873 1477 1923 1522 2.
1943 1480 2003 1522 et
2019 1477 2072 1523 4.

1437 1548 1604 1609 creat,
1635 1546 1976 1598 21.me
2007 1548 2304 1599 Publicolam
2336 1549 2428 1599 ite-

1365 1623 1498 1687 rum]
1533 1623 1639 1673 Hic
1684 1625 1921 1674 Valerius
1962 1626 2230 1688 superiore
2275 1625 2427 1682 libro,

1370 1707 1428 1749 ut
1449 1699 1760 1750 diximusA.
1787 1700 1853 1750 U.
1878 1701 1938 1750 C.
1964 1713 2184 1752 eccur.
2201 1715 2247 1752 c.
2264 1705 2348 1750 26.
2371 1709 2429 1750 et

1368 1775 1464 1826 hoc
1513 1776 1602 1825 lib.
1645 1788 2018 1828 a.ccc1.xvm.
2057 1790 2104 1826 c.
2138 1781 2188 1825 6.
2233 1775 2430 1832 lucius.

1367 1866 1470 1902 non
1493 1852 1667 1910 Aulus,
1691 1861 1920 1904 vocatur.
1982 1853 2174 1904 Lector
2212 1852 2428 1915 dispici

1368 1937 1441 1985 at,
1464 1938 1579 1978 uter
1611 1938 1756 1981 erret
1787 1932 1945 1982 locus.
1982 1931 2122 1980 (ἔων.
2186 1931 2268 1980 Ex
2300 1943 2427 1994 qua·

1370 2013 1486 2056 tuor
1508 2008 1716 2070 reliquis
1738 2007 1849 2073 ejus
1871 2006 2218 2060 tribunatibus
2238 2007 2428 2058 milite·

1368 2084 1508 2133 ribus
1529 2092 1768 2149 apparet,
1786 2099 1887 2135 non
1903 2084 1969 2134 A.
1990 2084 2085 2135 sed
2103 2084 2166 2133 L.
2188 2084 2432 2135 Valerius·

1370 2162 1661 2213 Publicolmn
1716 2162 2005 2225 legendum.
2090 2159 2212 2210 Anti
2264 2161 2431 2211 etiam

1367 2253 1664 2302 praenomen
1687 2255 1789 2290 nou
1815 2240 2064 2297 tulerunt,
2078 2238 2215 2303 quod
2235 2251 2429 2288 memo·

1367 2316 1457 2366 riae
1484 2317 1729 2367 traditum
1752 2319 1842 2377 sit,
1856 2315 2075 2374 Valerii,
2093 2314 2190 2363 nisi
2208 2314 2261 2363 in
2282 2327 2428 2366 men-x

1367 2390 1507 2439 dosis
1527 2391 1805 2455 perspicue
1828 2391 1989 2441 libris.
2024 2388 2201 2451 Sigon.
2236 2387 2305 2440 A.
2331 2387 2429 2440 Vov

1364 2469 1533 2518 brim
1554 2478 1763 2519 servant
1785 2470 1938 2518 Voss.
1956 2472 2054 2518 La
2077 2483 2147 2517 m.
2170 2480 2251 2531 pr.
2278 2465 2427 2517 Leid.

1365 2549 1413 2598 2.
1438 2547 1567 2597 Lov.
1590 2551 1640 2597 1.
1664 2552 1712 2596 8.
1729 2553 1779 2596 6.
1803 2546 1953 2595 Harl.
1973 2550 2022 2596 2.
2043 2543 2426 2595 Port.Gaertn.

1368 2622 1508 2674 Hav.
1540 2631 1598 2673 et
1630 2623 1814 2687 fragm.
1841 2621 1978 2672 Hev.
2044 2622 2122 2673 At
2140 2620 2352 2671 Hearne
2372 2635 2430 2673 se

1366 2699 1442 2748 M.
1483 2701 1725 2751 Valerium
1762 2700 1812 2749 in
1852 2699 2028 2751 Oxou.
2063 2699 2129 2749 B.
2168 2696 2427 2746 invenisse

1368 2782 1626 2827 testatur:
1649 2792 1802 2842 quam
1825 2785 1880 2826 et
1902 2776 2221 2840 superiorem
2241 2772 2427 2823 lection

1366 2866 1483 2901 nem
1498 2853 1744 2917 jungere,
1769 2867 1830 2902 ac
1853 2852 2012 2901 simul.
2026 2851 2316 2913 exprimere
2342 2863 2429 2900 voe

1366 2927 1528 2977 luisse
1560 2929 1802 2978 videntur
1835 2928 1984 2978 Leid.
2020 2930 2069 2976 1.
2107 2934 2165 2974 et
2198 2923 2352 2974 Harl.
2380 2928 2427 2973 l.

1364 3006 1530 3054 ereata
1570 3005 1834 3066 Valerium,
1874 3011 1930 3054 et
1972 3004 2114 3053 Flor.
2161 3006 2309 3051 creat.
2348 3015 2428 3055 nm

1376 3080 1620 3132 Valerium
1640 3081 1967 3132 exhibentes.
2032 3079 2339 3129 Praeuomeu
2372 3092 2429 3127 o-

1366 3158 1591 3211 mittitur
1612 3159 1666 3209 in
1691 3160 1841 3209 Voss.
1862 3163 1913 3208 l.
1932 3174 1963 3208 a
1985 3172 2054 3211 m.
2088 3171 2196 3207 sec.
2229 3157 2356 3208 Lov.
2376 3159 2429 3208 2.

1365 3237 1415 3284 4.
1452 3240 1508 3284 et
1543 3235 1765 3292 Hearnii
1800 3236 1974 3285 oxon.
2012 3234 2074 3284 C.
2140 3233 2291 3283 Solus
2315 3241 2429 3284 tan-

1366 3317 1476 3361 tum
1500 3312 1654 3362 Voss.
1678 3316 1729 3361 2.
1753 3327 1819 3361 ex
1842 3326 1946 3378 qno
1972 3311 2101 3361 nihil
2131 3311 2182 3359 in
2205 3324 2430 3374 excerp·⁸

1367 3389 1431 3439 tis
1462 3395 1699 3440 notatum
1734 3396 1869 3451 erat,
1900 3390 1968 3439 L..
1998 3386 2427 3437 Valeriumbabm

1364 3466 1464 3515 isse
1482 3466 1706 3516 videtur.
1755 3465 1825 3517 Et
1839 3466 1892 3518 id
1911 3465 2083 3515 verius
2099 3478 2234 3526 esse,
2251 3460 2427 3513 monui

1366 3542 1430 3592 ad
1455 3556 1508 3591 v.
1530 3546 1613 3593 26.
1638 3543 1666 3606 §
1686 3546 1735 3591 2.

1428 3618 1492 3667 L.
1517 3618 1814 3679 Virginiuns,
1834 3617 1901 3665 Ρ.
1920 3614 2210 3674 Cornelium,
2225 3611 2294 3662 A.
2314 3611 2427 3659 Mn-

1360 3694 1556 3757 nilium,
1589 3694 1651 3743 L.
1676 3693 1950 3756 AEmilium]
1983 3691 2050 3742 A.
2077 3689 2319 3740 Manlium
2354 3689 2427 3737 ie-

1365 3771 1611 3835 gendnm,
1646 3784 1747 3819 non
1780 3768 2058 3830 Manilium,
2092 3772 2149 3815 ut
2181 3771 2330 3828 patet
2360 3778 2427 3817 ex

1366 3865 1415 3899 s.
1433 3862 1712 3903 eccum.
1734 3849 1832 3897 hoc
1854 3847 1944 3896 lib.
1972 3861 2019 3896 c.
2037 3850 2120 3895 21.
2155 3844 2245 3893 ubi
2278 3843 2431 3893 tertia*

1365 3941 1452 3977 mn
1476 3925 1535 3976 fit
1559 3927 1796 3977 tribunus
1816 3924 2037 3974 miiitum
2055 3921 2313 3972 consulari
2336 3933 2428 3983 po-

1369 4009 1584 4053 testate.
1619 4003 1851 4052 Glarean.
1905 4001 1973 4052 A.
1997 4000 2275 4061 Virginitas
2290 3998 2426 4060 legit

1367 4080 1494 4129 Lov-
1516 4083 1565 4128 2.
1596 4079 1689 4128 sed
1719 4090 2018 4142 praenomen
2048 4074 2332 4126 deficiebat
2368 4075 2429 4122 iu

1368 4156 1521 4207 Harl.
1545 4160 1592 4205 1.
1649 4153 1933 4217 Verginiam
1963 4152 2159 4203 habeut
2193 4150 2342 4200 Leid.
2375 4153 2424 4198 1.

1366 4233 1494 4283 Lov.
1516 4235 1567 4281 Β.
1590 4239 1646 4281 et
1669 4231 1891 4281 Gaertn.
1959 4228 2094 4278 Vide
2110 4227 2174 4276 ad
2201 4240 2267 4278 n.
2287 4228 2368 4277 1⁷..
2392 4226 2420 4288 ξ

1367 4315 1415 4360 1.
1471 4310 1601 4360 Tum
1618 4308 2015 4371 A..Maunimq;
2039 4306 2177 4356 Flor.
2228 4302 2427 4355 AM«-
