2934 4925
703 422 768 469 T.
817 382 1007 469 mvii
1058 419 1258 470 msr.
1305 420 1454 469 ms.
1503 418 1571 469 v,
1617 421 1782 471 ost.
1825 406 1934 472 22.

234 591 245 602 ·
266 563 473 622 ‘Quibus
510 564 806 627 deportanda
846 546 1049 614 Romam
1093 563 1286 627 Regina

219 645 346 692 dano
391 643 653 704 adsignata
676 644 822 707 erat]
853 642 1051 692 Eodem
1097 655 1286 705 coguo-

172 736 177 743 ¹
221 721 356 768 mine
393 719 659 770 Junonem
693 719 928 781 adpellat
967 733 1086 782 esp.
1125 732 1284 781 praec.

219 798 324 845 ‘Te
348 797 522 854 simul,
560 796 700 848 Juno
744 797 966 860 Regina,
1005 811 1122 861 quse
1150 809 1286 845 nune

222 873 378 921 Veios
426 872 580 933 eolis,
621 872 878 934 precorz’
925 878 981 922 et
1017 886 1134 936 cap.
1174 885 1286 936 seq.

220 946 449 998 {sunan}
477 949 699 1011 Reginae
718 949 967 1010 tempium
993 949 1044 996 iu
1070 946 1286 997 Aventi-

219 1023 537 1073 noiocavit.’
570 1027 723 1072 ο.’31.
744 1025 759 1050 ‘
783 1024 978 1073 Eodem
996 1037 1131 1071 anno
1149 1022 1289 1071 aedes

218 1101 439 1152 sunonis
474 1103 716 1165 Reginae,
752 1102 818 1151 ab
858 1101 1038 1151 eodem
1062 1101 1288 1151 dictato-

222 1190 277 1225 re
312 1177 603 1242 eodemque
627 1178 764 1227 beno
783 1186 927 1239 vota,
949 1178 1224 1228 dedicatur
1242 1177 1288 1226 ι’

225 1258 280 1302 et
308 1267 353 1300 c.
391 1256 476 1302 52.
509 1253 682 1305 ‘Juno
723 1253 946 1316 Regina,
996 1261 1290 1303 transvecta

224 1343 251 1377 s
272 1329 419 1378 Veiis
453 1342 641 1392 nuper,
666 1331 719 1378 in
747 1329 1007 1379 Aventino
1039 1343 1190 1394 quam
1213 1331 1289 1378 iu-

227 1405 375 1468 sigrfi,
399 1405 468 1454 ob
493 1407 760 1454 excellens
795 1415 1141 1456 matronarum
1182 1413 1290 1455 stu-

224 1480 379 1542 dium,
413 1481 719 1546 celebrique
758 1482 1130 1532 dedicata·est
1167 1481 1292 1532 die.'

228 1554 297 1606 At
340 1557 633 1608 ‘Junonem
675 1560 941 1609 Monetam
970 1559 985 1580 '
1041 1566 1293 1611 vocarunt

224 1634 338 1682 Vsi-
378 1634 529 1683 Max.
573 1648 613 1684 ι.
649 1640 698 1684 8.
731 1651 815 1686 ex.
860 1641 908 1687 3.
965 1644 1021 1686 et
1054 1637 1294 1687 Lactant-

226 1711 406 1763 Divin.
433 1711 617 1761 Iustit.
658 1726 723 1762 11.
744 1716 794 1762 7.
853 1712 960 1762 Sed
1000 1721 1185 1763 eontra
1223 1729 1291 1763 m·-

224 1786 342 1837 dem
364 1787 400 1829 -‘
421 1788 623 1839 Junoni
655 1788 925 1839 Monetae'
960 1790 1164 1839 demum
1201 1790 1293 1841 din

225 1871 402 1927 postea
429 1865 571 1914 hello
594 1863 841 1915 Aurunco
879 1880 908 1914 a
939 1865 1195 1915 dictatore
1230 1867 1290 1918 Ι..

224 1939 382 1988 Furio
403 1946 602 1995 votam,
617 1950 673 1990 et
690 1956 794 1990 non
815 1941 867 1990 in
885 1942 1169 1999 Aventino,
1197 1941 1292 1991 sed

220 2016 272 2064 in
288 2017 552 2079 Capitolio
567 2017 619 2066 in
639 2032 758 2068 area
775 2019 963 2068 aedinm
986 2020 1065 2070 M.
1087 2021 1293 2085 Manlii,

222 2092 519 2143 dedicatam
558 2093 737 2159 fuisse,
773 2097 951 2146 Livius
988 2095 1151 2146 refert
1186 2105 1292 2147 vn.

222 2173 301 2218 28.
322 2171 640 2221 Memoriam
662 2173 843 2238 itaque
856 2174 1066 2223 Valerio
1083 2181 1138 2223 et
1161 2175 1293 2224 Lae·

225 2247 391 2296 tsutio
434 2247 726 2311 inposuisse
771 2249 966 2312 credo;
1016 2250 1145 2300 lieet
1187 2264 1292 2300 non

204 2321 480 2385 ignorem,
501 2338 615 2388 quae
649 2326 947 2375 excusando
988 2326 1194 2376 Valerio
1225 2325 1293 2375 sd

223 2412 341 2448 eum
379 2400 555 2450 iocum
595 2402 790 2451 notarit
833 2402 1068 2467 Pighius.
1138 2402 1293 2452 Cete-

224 2487 336 2524 rum
361 2475 562 2538 Regina
583 2478 627 2525 J
627 2493 716 2526 uno
737 2483 852 2527 tunc
871 2479 1028 2541 adsig.
1050 2485 1174 2536 erat,
1192 2493 1295 2529 uns

224 2565 348 2602 voce
368 2554 597 2616 auctior,
615 2553 838 2604 Gaertn.
892 2555 1019 2619 Ejus
1037 2556 1294 2606 temen-ii-

224 2627 512 2678 beralitate
535 2643 641 2679 non
651 2636 787 2680 utor.
854 2630 959 2679 Alii
985 2631 1119 2681 enim
1137 2630 1293 2682 codd.

208 2703 280 2756 ab
299 2712 419 2755 tane
459 2708 736 2770 expellunt
769 2725 784 2769 ς
836 2722 1006 2773 neque
1027 2709 1134 2757 ulla
1153 2708 1206 2757 in
1231 2723 1293 2758 eo

226 2783 489 2846 emphasis
527 2789 629 2834 est.
698 2783 892 2847 Regina
922 2771 1052 2835 June
1072 2785 1295 2848 designa-

224 2863 368 2908 tuest
385 2857 593 2909 Loval.
675 2897 681 2904 .
732 2897 739 2906 .
916 2902 921 2906 .

232 2963 239 2964 ff
301 2933 645 2984 Vener-abundi
689 2937 911 3000 templum
951 2937 1125 3001 iniere]
1158 2938 1294 2987 Vide

225 3012 461 3061 Brisson.
487 3010 556 3060 de
573 3012 803 3061 Formul.
823 3027 863 3061 ι.
886 3028 938 3077 p.
952 3017 1036 3064 47.
1056 3029 1110 3077 p.
1127 3029 1193 3063 m.
1211 3019 1294 3065 42.

222 3088 411 3138 Ktock,
449 3088 588 3136 [nire
610 3087 832 3138 Gaertn.
863 3096 919 3138 et
941 3088 1126 3154 fragm.
1155 3091 1294 3142 Han.

228 3162 506 3215 Quomodo
530 3163 688 3213 etiam
704 3164 832 3214 ,alibi
854 3180 994 3230 saepe
1018 3181 1049 3215 a
1071 3167 1299 3218 librariis

226 3248 508 3303 peecatum
544 3249 641 3291 est.
711 3242 844 3291 Vide
865 3242 931 3291 ad
955 3256 1081 3294 xnv.
1103 3249 1153 3296 2.
1185 3247 1214 3309 ς
1249 3249 1300 3297 7.

230 3317 475 3367 intravere
508 3317 663 3368 Port.
719 3317 859 3369 Ηιιν.
898 3319 1028 3371 Lov.
1071 3324 1122 3371 4.
1161 3326 1211 3369 5.
1246 3327 1301 3370 et

232 3393 451 3445 Hesi-nii
475 3394 654 3444 Oxou.
685 3395 747 3445 La
785 3400 836 3447 2.
868 3405 925 3446 et
958 3399 1019 3449 C.
1053 3398 1191 3463 qnod
1233 3413 1299 3447 ex

229 3471 463 3536 margine
506 3472 562 3520 in
590 3477 902 3522 contextum
930 3474 1185 3537 inrupisse
1224 3475 1297 3524 vi-

232 3538 401 3597 detu'r.
473 3547 564 3596 Ita
595 3547 752 3596 etiam
787 3549 1020 3618 varietur
1041 3564 1132 3599 111.
1155 3555 1237 3600 10.
1270 3552 1299 3615 ξ

235 3626 281 3671 4.
307 3637 417 3673 vu.
445 3627 528 3674 11.
562 3627 591 3688 ᾧ
615 3626 664 3671 9.
696 3632 753 3673 et
776 3624 920 3676 aiibi.
974 3666 983 3675 .

232 3725 239 3732 ·
295 3705 323 3766 ἧ
357 3709 388 3752 5
430 3702 576 3758 Quod
614 3703 668 3751 ia
702 3704 896 3765 signum
930 3719 1060 3769 more
1101 3707 1304 3756 Etrusco

218 3781 345 3829 mist
370 3786 518 3829 certa·
567 3781 732 3842 gentis
773 3786 991 3834 sacerdos
1031 3787 1302 3835 adtrectare

238 3870 325 3906 non
365 3863 495 3908 esset
535 3857 729 3921 solitas]
773 3854 915 3909 Mor'e
955 3866 1137 3910 vetusto
1178 3860 1301 3913 edd.

240 3934 532 3998 principes:
569 3950 807 4002 proquo
840 3937 1003 3987 Aldus
1036 3939 1304 3991 substituit

219 4010 455 4061 *Etr-esca.
520 4012 593 4060 Et
647 4012 724 4062 ita
789 4013 1082 4077 praeferuut
1122 4030 1301 4066 omnes

244 4088 388 4137 codd.
410 4088 601 4153 quihus
623 4104 744 4140 usus
781 4106 910 4143 sum.
977 4093 1182 4143 Pierius
1205 4095 1303 4144 eti-

248 4178 324 4212 sm
365 4172 594 4215 testatur
635 4167 700 4215 ad
745 4168 948 4219 Maron.
991 4169 1195 4224 AEneid.
1237 4182 1301 4222 11.

248 4243 356 4289 719.
418 4254 476 4291 se
500 4241 576 4291 ita
608 4241 661 4291 in
684 4243 857 4295 veteri
873 4244 990 4294 cod.
1022 4244 1145 4296 Jani
1171 4246 1300 4300 Par-

253 4316 622 4385 rhasiiiegisse.
670 4320 796 4373 Earn
822 4327 994 4374 autem
1028 4324 1302 4384 lectionem

2245 410 2419 479 7637

1365 564 1446 613 vel
1471 565 1773 617 Parrhasius
1796 581 1897 617 uon
1934 565 2191 631 probavit,
2229 569 2309 617 vel
2346 566 2419 617 A-

1360 641 1615 692 lexander
1649 645 1974 695 Minntianus
2009 645 2260 695 adnotare
2296 660 2424 709 neg-

1364 719 1508 769 lexit.
1574 721 1731 770 Certe
1767 722 1812 770 is
1845 722 1984 771 illam
2021 737 2121 771 nou
2146 722 2347 785 recepit
2370 723 2421 770 in

1362 794 1447 844 ed.
1493 796 1775 846 Mediolani.
1814 800 1963 846 1505.
1997 797 2046 845 in
2071 813 2172 861 qus
2194 812 2312 851 suas
2343 797 2420 847 ibi

1363 871 1642 934 subreptas
1666 873 2037 936 castigationes
2054 874 2105 923 iu
2121 873 2317 923 Livium
2333 889 2423 923 ex-

1362 949 1553 999 hibitas
1575 949 1756 1016 fuisse,
1777 951 1831 1003 J.
1853 952 2164 1001 Parrhasius
2187 952 2424 1015 queritur

1365 1026 1416 1075 in
1452 1027 1676 1078 Praefats
1713 1029 1776 1078 ad
1825 1029 2096 1079 claudian.
2151 1027 2217 1076 de
2263 1028 2423 1091 Rupt.

1366 1103 1517 1152 Pros.
1582 1105 1715 1154 Tum
1761 1107 1973 1155 Etrusca
2005 1106 2168 1169 gentis
2209 1107 2337 1156 Lov-
2371 1110 2423 1156 4.

1365 1180 1574 1229 Deinde
1609 1187 1872 1232 attractare
1906 1184 2060 1233 Voss.
2083 1188 2132 1232 1.
2165 1197 2194 1235 a
2218 1197 2285 1230 m.
2319 1196 2426 1233 sec.

1366 1255 1506 1304 inter
1543 1272 1741 1321 versus,
1775 1259 1926 1308 Leid.
1962 1263 2014 1308 2.
2046 1259 2178 1308 Lov,
2214 1262 2260 1306 1.
2291 1263 2340 1306 2.
2377 1263 2427 1311 5.

1366 1331 1585 1381 Gaertn.
1656 1341 1711 1383 et
1768 1333 1890 1384 edd.
1942 1325 2096 1385 Rom'.
2159 1338 2305 1384 1472.
2361 1349 2424 1385 on

1348 1407 1540 1458 Parni.
1579 1411 1835 1472 quomodo
1858 1418 1913 1461 et
1937 1412 1992 1463 J.
2016 1410 2281 1460 Parrhasii
2306 1410 2426 1464 eod·

1367 1483 1684 1551 exhibuisse,
1699 1488 1834 1537 idem
1856 1488 2062 1557 Pierius
2083 1488 2280 1537 monuit
2300 1504 2317 1548 ς
2339 1486 2427 1539 ad·

1368 1559 1515 1616 deus,
1552 1562 2126 1614 similiter.Mediceum
2160 1569 2217 1613 et
2249 1571 2429 1615 vetera

1368 1635 1471 1684 ulia
1496 1636 1698 1702 Virgilii
1735 1642 2057 1704 exemplaria
2080 1641 2275 1704 legere.
2342 1640 2429 1689 Ita

1368 1711 1524 1761 etiam
1558 1715 1748 1776 passim
1789 1717 1804 1744 ‘
1838 1715 2168 1766 detractare’
2200 1721 2256 1764 et
2293 1717 2310 1743 ‘
2346 1728 2426 1763 re.-

1369 1786 1631 1836 trsetare'
1686 1790 1837 1840 codd.
1876 1791 2080 1840 Liviani
2123 1789 2429 1853 praefernnt.

1367 1860 1504 1919 Vide
1527 1863 1593 1913 ad
1616 1878 1820 1916 xxxtv.
1845 1869 1968 1932 15.§
1992 1872 2041 1918 9.
2089 1867 2219 1916 Tum
2246 1869 2429 1916 vocula

1348 1951 1462 1985 -non
1497 1939 1649 1995 abest
1682 1944 1748 1999 ab
1779 1943 1927 1994 Harl.
1959 1948 2009 1993 2.
2043 1945 2173 1993 Lov.
2196 1948 2247 2003 5,
2282 1944 2430 1992 Port.

1368 2020 1423 2062 et
1470 2015 1608 2065 Hav.
1661 2018 1774 2076 Est,
1817 2033 1912 2082 pro
1962 2024 2100 2082 esset,
2143 2017 2430 2084 praeferunt

1368 2090 1518 2140 Leid.
1537 2096 1586 2140 2.
1616 2109 1645 2141 a
1663 2109 1732 2144 m.
1760 2109 1837 2159 pr.
1858 2104 1914 2146 et
1936 2096 2064 2147 Lov.
2079 2101 2129 2157 2.
2183 2096 2429 2162 Denique

1366 2166 1598 2216 sollicitus
1619 2169 1812 2220 habent
1846 2173 1974 2221 Lov.
2014 2176 2064 2224 3.
2112 2178 2168 2222 et
2204 2172 2357 2221 Voss.
2378 2176 2430 2225 2.

1368 2243 1627 2306 quomodo
1649 2246 1807 2295 etiam
1826 2254 2079 2309 peccatur
2103 2261 2188 2298 111.
2215 2251 2296 2298 38.
2330 2250 2358 2311 ξ
2381 2252 2431 2296 9.

1367 2325 1425 2368 et
1447 2318 1545 2370 hoe
1568 2319 1660 2370 lib.
1683 2336 1731 2370 e.
1746 2326 1866 2388 37.§
1883 2327 1931 2373 3.
1970 2324 2299 2388 pluribusque
2317 2324 2431 2389 aliis

1366 2394 1516 2446 loeis.
1581 2396 1750 2446 Simili
1786 2413 1963 2449 errore
2015 2399 2216 2449 librarii
2278 2413 2432 2449 voces

1367 2471 1659 2524 ‘solitudo’
1693 2482 1747 2525 et
1789 2476 2113 2527 ‘sollicitudo
2137 2476 2153 2499 ’
2204 2471 2432 2528 comm'u-

1370 2555 1579 2614 tarunt3
1616 2551 1682 2602 de
1701 2568 1803 2617 qua
1823 2568 1880 2604 re
1898 2553 2015 2605 vide
2035 2553 2101 2603 ad
2125 2554 2160 2603 1.
2178 2567 2256 2604 ιν.
2276 2569 2323 2602 c.
2348 2558 2431 2604 52.

1366 2629 1395 2692 §
1419 2631 1469 2677 8.
2331 2627 2339 2636 '

1434 2705 1629 2756 Deinde
1649 2717 1791 2772 qaum
1822 2707 2029 2771 quidam,
2056 2722 2140 2758 seu
2158 2706 2334 2771 spiritu
2356 2708 2430 2767 αι’-,-

1366 2781 1477 2831 vino
1499 2783 1675 2847 tactas]
1710 2785 1775 2834 In
1799 2784 2056 2834 volumine
2092 2785 2195 2834 Ms.
2218 2792 2297 2833 est
2321 2785 2431 2832 dein

1367 2873 1472 2910 cum
1489 2860 1927 2924 quidam‚seuspir.
1952 2862 2050 2909 div.
2076 2860 2241 2909 Rhen.
2276 2859 2428 2925 Quod

1368 2936 1652 2986 Rhenanus
1691 2938 1742 2987 iu
1766 2937 1882 2989 cod.
1916 2937 2116 3000 scripto
2140 2936 2430 2998 invenerat,

1368 3013 1404 3064 J
1410 3028 1488 3062 ac.
1512 3013 1804 3064 Gronovius
1823 3016 1874 3064 in
1890 3018 2192 3064 contextum
2211 3012 2432 3076 recepit,

1372 3090 1544 3139 Etiam
1586 3098 1736 3154 pater
1773 3092 1882 3156 ejus
1917 3106 2056 3155 saepe
2096 3104 2152 3140 se
2186 3089 2432 3139 librorum

1371 3167 1642 3219 meliorum
1683 3170 1995 3221 auctoritate
2026 3168 2078 3218 id
2103 3167 2254 3218 Livio
2277 3169 2431 3218 resti·

1358 3244 1538 3293 -misse
1561 3243 1758 3295 fatetur
1780 3245 1845 3296 ad
1879 3260 1957 3298 lv.
1979 3249 2061 3296 32.
2096 3248 2125 3310 §
2152 3252 2201 3298 5.
2245 3247 2336 3299 ,Et
2361 3245 2436 3306 ita

1371 3319 1458 3369 hie
1484 3324 1648 3372 nostri
1674 3323 1967 3388 praeferunt
1991 3332 2184 3388 praeter
2207 3324 2361 3373 Voss.
2385 3327 2433 3378 l.

1377 3397 1526 3449 Leid.
1564 3402 1614 3448 2.
1673 3401 1798 3451 Lov.
1834 3404 1882 3449 1.
1919 3406 1968 3451 3.
2003 3405 2051 3451 4.
2091 3407 2140 3450 5.
2190 3400 2340 3450 Port.
2380 3405 2438 3462 et

1376 3474 1514 3525 Hav,
1581 3478 1668 3541 qui
1722 3479 1890 3529 deinde
1942 3484 2153 3528 servant
2191 3494 2206 3528 ι
2274 3477 2435 3528 etiam

1375 3550 1599 3601 Gaertn.
1634 3553 1685 3602 iu
1710 3569 1810 3620 quo
1843 3555 1953 3605 dein
1975 3561 2232 3618 superest.
2300 3554 2436 3608 Vide

1377 3630 1442 3680 ad
1466 3637 1624 3682 Ill-3.
1657 3636 1759 3698 §a
1825 3633 2050 3697 Insuper
2063 3632 2243 3696 spiritu
2274 3631 2435 3682 divino

1377 3712 1561 3757 tractus
1582 3708 1734 3759 Port.
1759 3717 1815 3759 et
1851 3709 1992 3758 Hav,
2030 3722 2209 3758 errore
2242 3707 2434 3757 scriba·

1377 3797 1513 3846 rum,
1535 3784 1623 3848 qui
1647 3800 1789 3849 saepe
1807 3786 1921 3835 haee
1948 3784 2200 3834 vocabula
2223 3784 2274 3832 in
2309 3785 2438 3834 Mss.

1378 3868 1781 3916 commutarunt.
1846 3860 1982 3910 Vide
2009 3860 2132 3910 Nic.
2156 3860 2341 3909 Heius.
2366 3859 2434 3909 ad

1378 3936 1538 3987 Ovid.
1576 3938 1709 3987 Met.
1740 3951 1868 3988 vm.
1916 3937 2332 3988 224.‘Graevium
2369 3936 2437 3986 sd

1379 4015 1595 4066 Sueton.
1637 4017 1809 4066 Tiber.
1846 4032 1893 4066 c.
1935 4020 2019 4065 21.
2050 4015 2333 4066 Burmann.
2370 4014 2438 4065 ad

1379 4091 1540 4143 Ovid.
1566 4092 1701 4141 Met.
1726 4106 1846 4142 vm.
1873 4097 1983 4145 184.
2019 4098 2074 4142 et
2097 4092 2232 4141 viros
2254 4092 2438 4140 doctos

1378 4167 1444 4218 ad
1483 4168 1602 4217 Val.
1624 4168 1768 4217 Max.
1801 4182 1841 4218 1.
1878 4171 1929 4217 8.
1964 4170 1993 4231 ᾧ
2031 4171 2082 4216 2.
2129 4166 2315 4216 Similis
2350 4167 2439 4215 oh-

1380 4251 1620 4302 servatur
1637 4243 1868 4296 confusio
1894 4258 2074 4294 vocum
2098 4243 2116 4270 ‘
2132 4249 2403 4294 contaetus
2422 4240 2439 4263 ’

1381 4328 1437 4374 et
1461 4320 1833 4373 ‘contractum’
1866 4320 2003 4371 Vide
2038 4319 2104 4370 ad
2123 4333 2199 4400 γι.
2222 4321 2304 4368 28.
2338 4315 2365 4382 ξ
2389 4323 2437 4386 ti.
