2934 4925
775 368 844 415 Τ.
891 368 1077 416 mvn
1133 367 1333 418 ms‘r.
1381 369 1532 419 ms.
1565 372 1652 419 .v.
1696 357 2020 424 cam-13.

287 497 421 561 mem
444 516 577 562 tunc
591 510 740 563 recte
760 510 866 562 diei
888 517 1062 575 posset
1080 511 1349 576 excepisse

285 596 440 660 oestas
455 591 732 654 pestilens,
738 589 925 640 iisdem
940 590 1178 651 Veturio,
1193 591 1347 641 Pom-

285 668 461 730 ponio,
473 667 699 732 aliisque
708 666 875 716 adhuc
885 666 1241 730 magistratum
1256 650 1387 717 ob·

272 743 594 794 tinentibus.
629 743 826 793 Verum
838 756 993 807 quum
1006 749 1189 805 postea
1208 743 1344 793 Dod-

272 819 425 871 well.
438 819 752 870 sententiam
774 820 905 867 hanc
927 818 1270 880 revocarit,et
1293 819 1345 870 in

282 895 530 946 chronol.
569 896 934 945 Graeco-Rom.
973 909 1090 958 quae
1132 895 1345 960 Dionys.

279 972 456 1022 Helie.
481 968 836 1035 subjungitur,
859 984 908 1035 p.
922 976 1004 1021 98.
1024 978 1170 1021 recte
1184 972 1343 1021 docn-

278 1048 407 1109 erit,
440 1055 722 1112 postquam
759 1046 969 1109 Sergius
1005 1054 1061 1097 et
1083 1047 1345 1109 Virginius

279 1139 563 1190 eorumque
593 1120 805 1188 collegae
842 1133 965 1176 aute
989 1134 1192 1191 tempus
1224 1127 1341 1177 soli·

274 1205 387 1253 tu'm'
412 1204 618 1252 honore
642 1201 785 1271 abire
810 1202 942 1266 jussi
972 1208 1112 1262 sunt,
1142 1204 1342 1254 sollem-

275 1292 394 1329 nem
416 1279 660 1329 ineundis
677 1277 1062 1341 magistratibus
1080 1278 1213 1329 diem
1233 1280 1340 1329 Ka·

274 1348 467 1406 lendas‘
481 1355 746 1406 Octobres
776 1354 943 1406 factas
976 1368 1110 1420 esse,
1133 1365 1340 1406 senteu-

271 1432 346 1482 tia
368 1432 462 1482 illa
481 1432 765 1482 subsistere
786 1430 984 1495 nequit.
1023 1432 1179 1482 Nunc
1202 1433 1338 1482 enim

270 1509 291 1537 ‘
304 1509 468 1558 hiems
487 1508 664 1572 gelida
681 1515 737 1559 et
756 1506 935 1557 nivosa
947 1507 964 1530 ³
979 1507 1067 1557 illa
1084 1508 1205 1566 erit,
1220 1523 1337 1573 qnae

271 1584 463 1635 incidit
501 1586 556 1633 iu
592 1583 799 1635 initium
835 1581 1126 1633 tribunatus
1155 1583 1340 1634 Licinii

270 1649 441 1726 calvi,
464 1668 525 1712 et
552 1661 570 1691 ‘
587 1660 840 1725 pestilens
859 1667 1014 1709 aestas
1030 1659 1046 1684 ’
1063 1659 1339 1710 referenda

267 1740 373 1789 erit
396 1739 459 1804 iu
476 1744 761 1788 exeuntem
779 1734 893 1786 fere
915 1750 1103 1786 annum
1131 1751 1338 1787 succes-

269 1829 446 1865 sorum
471 1815 608 1879 ejus.
659 1814 831 1865 Quum
852 1820 1027 1864 autem
1049 1828 1116 1862 ex
1133 1828 1199 1863 ea
1219 1829 1336 1865 sen-

266 1891 441 1941 tentia
468 1891 608 1940 inter
627 1890 844 1939 hiemem
870 1888 1090 1953 gelidam
1113 1897 1169 1937 et
1189 1890 1335 1939 nivo-

266 1982 375 2018 sam
396 1969 566 2033 atque
587 1968 726 2017 inter
749 1966 1080 2030 pestilentem
1097 1972 1333 2016 aestatem

264 2045 366 2094 alia
382 2033 564 2094 media
578 2043 739 2093 hiems
758 2042 1131 2106 intercesserit,
1144 2043 1161 2071 ‘
1175 2043 1337 2093 tristis

264 2118 487 2185 hiems,’·.
507 2134 665 2184 quam
698 2118 967 2182 pestilens
987 2125 1140 2168 aestas
1179 2133 1335 2168 exee-

264 2197 404 2261 pisse
441 2195 656 2260 dicitur,
689 2195 773 2244 de·
793 2194 959 2245 hieme
982 2193 1155 2257 gelida
1177 2203 1233 2244 et
1255 2197 1334 2246 ni·

267 2288 392 2324 rosa
443 2272 668 2337 intelligi
713 2272 909 2336 nequit,
966 2271 1060 2320 sed
1104 2273 1334 2323 secunda

264 2350 367 2401 erit
404 2351 571 2400 hiems
603 2365 636 2398 a
668 2350 827 2413 priori
848 2348 1073 2408 diversa.
1134 2349 1330 2400 viden-

264 2427 383 2477 dum
407 2427 712 2492 itaquc,-an
747 2426 902 2490 culp'a
924 2424 1238 2476 eonferenda
1262 2428 1331 2477 sit

264 2504 319 2553 in
341 2503 572 2566 Livium,
592 2502 809 2568 quinon
834 2508 983 2551 recte
1003 2502 1066 2550 ad
1092 2508 1331 2566 tempora
1360 2572 1365 2577 ι

266 2580 530 2643 adtendit,
542 2576 607 2629 ’et
623 2578 723 2628 snb
737 2578 851 2628 aliis
871 2577 1087 2628 tribunis
1108 2577 1329 2630 hiemem

261 2658 486 2722 gelidam
518 2664 576 2708 et
607 2657 856 2719 nivosam,
887 2657 983 2706 sub
1018 2656 1130 2705 eliis
1166 2657 1328 2720 pesti·

260 2735 458 2784 lentem
497 2738 740 2783 aestatem
780 2732 975 2789 retulit,
1010 2746 1164 2796 quum
1186 2739 1328 2783 utra-

263 2826 360 2876 que
382 2810 453 2861 ad
476 2808 690 2860 eosdem
728 2809 1035 2874 pertineret,
1068 2810 1109 2858 si
1145 2824 1325 2860 verum

262 2888 349 2952 sit,
391 2887 735 2953 pestilentem
780 2893 1014 2935 aestatem
1056 2889 1327 2951 excepisse

259 2957 669 3016 illam'hiemem
702 2968 758 3010 et
780 2976 846 3011 ex
877 2962 1187 3026 intemperie
1207 2964 1326 3013 coeli

260 3040 451 3105 raptim
466 3039 806 3090 mutationem
822 3039 872 3087 in
884 3038 1326 3089 contrariumfac-

262 3123 366 3168 tam
410 3131 648 3168 caussam
687 3115 997 3180 pestilentiae
1037 3116 1324 3182 exstitisse,

261 3194 339 3243 vel
362 3192 609 3243 existere
629 3191 897 3253 potuisse.
949 3190 1067 3240 Nisi
1100 3192 1325 3257 denique

258 3268 560 3331 dicendum,
612 3267 983 3332 pestilentiam,
1030 3282 1144 3331 quae
1189 3282 1325 3318 anno

260 3350 416 3414 priori
449 3349 669 3412 incepit,
696 3360 854 3413 quum
887 3342 1118 3397 Licinius
1155 3330 1323 3398 adhuc

260 3426 496 3476 tribunus
517 3430 681 3488 esset,
697 3438 728 3472 a
750 3424 895 3472 Livio
916 3431 1088 3472 tamen
1113 3424 1163 3472 in
1187 3425 1322 3474 hunc

259 3515 444 3551 anuum
482 3498 687 3558 referri,
722 3500 961 3562 qnoniam
984 3499 1209 3548 nondum
1233 3500 1322 3548 de-

261 3576 447 3640 siisset,
501 3592 659 3642 quum
706 3577 825 3626 novi
868 3577 942 3626 illi
985 3577 1321 3639 magistratus

259 3653 499 3719 honorem
523 3655 849 3717 occiperent,
882 3653 966 3703 vel
993 3660 1140 3703 certe
1162 3666 1320 3716 quum

252 3729 356 3792 jam
380 3730 643 3794 designati
670 3729 858 3780 forent.
923 3730 1168 3780 Ceterum
1190 3731 1320 3780 exci-

253 3807 326 3868 pit
348 3807 504 3855 estin
530 3808 661 3856 Lov.
683 3812 733 3855 5.
755 3821 785 3856 a
806 3821 874 3858 m.
899 3820 981 3870 pr.

260 3898 269 3906 ·’
319 3885 396 3947 §5
435 3882 587 3943 Cuius
606 3882 871 3932 insanabili«
883 3882 1112 3947 pernicie]
1146 3883 1319 3933 Perai-

257 3959 346 4008 ciei
383 3960 608 4022 Neapol.
657 3959 881 4021 Latinii;
930 3960 1043 4017 οιιί,1
1073 3960 1318 4009 adversus

259 4037 467 4085 aliorum
481 4042 807 4085 constantem
827 4048 1127 4085 consensum
1146 4036 1196 4084 in
1216 4037 1319 4085 lec·

261 4112 444 4162 tionem
462 4119 749 4176 receptam,
763 4112 1153 4162 auscultandum
1172 4112 1319 4160 mini·

263 4204 339 4239 me
367 4203 571 4240 censeo.
639 4189 780 4238 Olim
805 4190 938 4238 enim
957 4203 1106 4238 casus
1129 4189 1318 4239 tertius

265 4267 448 4332 quintae
469 4266 833 4320 declinationis
855 4280 966 4317 non
984 4266 1139 4316 modo
1169 4266 1225 4315 iu
1254 4267 1318 4330 ei,

2301 361 2476 431 ‘7587

1423 513 2475 573 sedettnetermimbstur.v1devmsium

1420 589 1491 641 de
1509 591 1621 644 Art.
1646 593 2075 645 Gramm.1v.19·
2097 597 2355 660 quomodo
2377 600 2475 648 eti-

1421 682 1502 717 am
1538 679 1744 720 veteres
1779 685 1952 721 casum
1984 670 2264 721 secundom
2300 675 2476 723 termi-

1420 757 1546 795 nare
1570 748 1749 798 solitos
1783 747 1962 811 fuisse,
1994 762 2272 814 eorumque
2303 765 2479 800 exem·

1420 822 1563 885 plum
1600 823 1801 873 Livium
1833 823 2090 874 imitatum
2116 838 2251 888 esse,
2277 825 2475 875 videbi-

1419 911 1534 946 mus
1554 897 1620 947 ad
1654 912 1736 948 lx.
1756 901 1838 949 37.
1876 900 1905 962 §
1926 902 1975 947 4.
2042 899 2266 948 Persicis
2287 907 2478 963 antem,

1417 974 1474 1022 in
1496 975 1751 1025 locutione
1784 976 1881 1026 hac
1915 974 2064 1026 ‘finis
2086 976 2354 1040 pernicie,’
2390 967 2475 1028 ca-

1417 1063 1529 1099 snm
1565 1053 1773 1102 tertium
1810 1066 1946 1114 esse,
1973 1052 2206 1104 indicant
2236 1054 2326 1102 illa
2357 1069 2472 1119 quae

1417 1134 1597 1176 notata
1620 1136 1744 1178 sunt
1763 1127 1827 1179 ad
1853 1142 1918 1177 ιι.
1941 1131 2022 1177 30.
2048 1130 2152 1192 §9.

1487 1204 1687 1259 Quando
1713 1218 1799 1253 nec
1828 1218 1994 1254 massa
2020 1219 2106 1254 aec
2120 1205 2247 1269 finis
2266 1206 2477 1258 invenie·

1416 1278 1578 1343 batur]
1629 1281 1746 1330 Vox
1765 1294 1907 1331 cossa
1939 1294 2006 1330 ex
2037 1280 2177 1331 linea
2203 1283 2473 1345 superiore

1415 1367 1513 1416 per
1534 1355 1779 1406 incuriam
1796 1357 1899 1406 linc
1916 1356 2088 1406 delata
2108 1362 2204 1407 est.
2270 1359 2471 1420 Legen-

1414 1429 1558 1491 dum,
1592 1447 1679 1481 aee
1700 1432 1881 1481 curatio
1906 1433 2153 1497 utfinis:
2184 1435 2264 1483 vel
2288 1449 2373 1483 nec
2393 1450 2472 1485 re-

1412 1506 1616 1557 maium
1656 1522 1741 1557 uec
1765 1508 1910 1573 finis.
1976 1510 2106 1562 Qoae
2150 1510 2311 1561 verba
2347 1513 2471 1563 hinc

1413 1585 1655 1633 sumsisse
1697 1583 1902 1635 videtur
1940 1585 2281 1649 Epitomistes
2316 1588 2370 1637 in
2416 1602 2473 1638 re

1412 1660 1535 1723 alia,
1575 1660 1665 1711 lib.
1704 1673 1807 1712 vn.
1844 1660 2046 1724 ‘Cujus
2084 1663 2368 1714 remedium
2415 1673 2473 1715 et

1412 1733 1530 1785 finis
1546 1750 1639 1799 per
1654 1752 1811 1787 novas
1826 1738 2096 1802 religiones
2115 1739 2472 1801 quaereretur!

1412 1812 1487 1861 Ut
1526 1819 1588 1863 ut
1622 1814 1710 1870 sit,
1735 1813 2049 1878 ejiciendum
2073 1814 2190 1864 hinc
2211 1814 2270 1864 τὸ
2288 1832 2472 1866 caussa.

1410 1887 1476 1936 Τ.
1497 1889 1682 1939 Faber.
1730 1889 1816 1938 Ita
1837 1889 2094 1938 sentiendi
2116 1896 2273 1955 atque
2293 1905 2469 1942 emen-

1410 1963 1567 2013 dandi
1585 1978 1818 2015 caussam
1837 1964 2064 2014 Fabrnm
2076 1965 2313 2016 habuisse
2327 1968 2471 2018 Don-

1401 2039 1567 2102 jatias
1608 2040 1917 2104 suspicatur,
1965 2055 2031 2090 ne
2073 2041 2250 2092 Livius
2289 2056 2467 2095 seeum

1409 2124 1685 2180 pugnaret,
1709 2118 1752 2167 si
1784 2118 2100 2181 pestilentia
2134 2132 2361 2169 causum
2386 2121 2467 2170 in-

1409 2197 1575 2246 veniri
1622 2210 1726 2246 non
1775 2197 2004 2261 potuisse
2042 2195 2261 2261 diceret,
2305 2213 2463 2262 quum

1406 2286 1518 2320 eam
1540 2287 1606 2321 ex
1628 2271 1802 2323 subita
1825 2272 1960 2326 aeris
1987 2269 2273 2325 mutatione
2294 2275 2465 2325 ortam

1405 2348 1735 2399 indicaverit.
1816 2351 2022 2415 Neque·
2037 2357 2212 2401 tamen
2233 2352 2282 2401 ei
2305 2352 2463 2402 Fabri

1403 2426 1709 2490 conjectura
1753 2427 1949 2491 placet,
1993 2427 2130 2491 quod
2177 2427 2464 2479 ‘curatio’

1402 2503 1516 2553 sive
1551 2504 1867 2554 ‘remedium
1884 2502 1900 2526 ’
1930 2504 2096 2554 morbi
2118 2518 2222 2554 non
2243 2506 2461 2556 multum

1404 2593 1435 2628 a
1461 2579 1593 2629 ‘fine
1609 2579 1624 2602 ’
1645 2579 1893 2641 differat3
1916 2578 2138 2644 ideoque
2153 2581 2368 2643 conjicit
2385 2582 2462 2630 in-

1403 2657 1569 2720 telligi
1589 2671 1822 2707 caussam
1855 2658 2126 2719 moralem,
2146 2656 2343 2707 factum
2367 2658 2469 2708 sei'·

1400 2733 1544 2798 licet,
1564 2748 1666 2798 quo
1686 2733 1765 2783 ira
1784 2735 1951 2783 Deum
1970 2740 2251 2797 provocata
2266 2732 2459 2791 fuerat,

1401 2825 1518 2876 quae
1548 2810 1756 2876 quidem
1793 2824 1823 2859 a
1846 2823 2025 2859 caussa
2047 2810 2292 2866 naturali,
2316 2810 2458 2860 subi-

1402 2893 1458 2936 ta
1489 2884 1621 2936 aiiris
1648 2885 1949 2943 mutatione,
1979 2886 2180 2934 diversa
2201 2896 2334 2935 erat.
2385 2887 2458 2937 Et

1399 2960 1606 3026 quidem
1644 2975 1837 3016 omnes,
1870 2974 1999 3024 quos
2037 2960 2266 3022 adhibui,
2301 2960 2486 3013 adds

1399 3035 1714 3086 constanter·
1740 3035 1798 3084 τὸ
1832 3033 1997 3086 cossas
2037 3037 2284 3094 retinent,
2317 3037 2460 3101 qnod

1398 3119 1681 3176 propterea
1704 3111 1840 3161 hand
1878 3121 2075 3161 temere
2108 3112 2456 3174 mutari-pati-

1399 3203 1476 3239 ar.
1537 3190 1595 3239 Si
1615 3190 1728 3254 quis
1752 3197 1922 3239 tamen
1946 3189 2275 3240 nihilominus
2300 3191 2457 3241 Fabri

1397 3265 1756 3328 conjecturam
1780 3264 2094 3328 probandam
2118 3272 2288 3326 putet,
2312 3267 2355 3315 is
2374 3275 2455 3316 tu-

1397 3347 1449 3390 to
1473 3338 1806 3392 contemnere
1836 3342 2029 3404 poterit
2050 3343 2323 3406 rationem,
2352 3359 2457 3407 qua

1396 3433 1514 3471 enm
1558 3418 1800 3476 refellere
1834 3421 2112 3483 Donjatios
2149 3422 2456 3474 conabatur.

1395 3497 1531 3565 Nam
1557 3495 1840 3546 non'modo
1873 3504 2060 3546 auctor
2078 3497 2455 3561 Epitomarum,

1395 3580 1454 3623 ut
1502 3572 1676 3623 Faber
1705 3570 1926 3636 notav‘it,
1966 3587 2142 3622 verum
2181 3580 2238 3625 et
2274 3575 2450 3625 Urius

1393 3648 1548 3698 finem
1570 3658 1624 3699 et
1656 3650 1936 3699 remedium
1971 3649 2150 3698 morbi·
2169 3657 2228 3699 ut
2254 3664 2341 3700 res
2372 3651 2450 3700 di-

1394 3741 1573 3776 versas
1608 3726 1903 3776 considerat
1926 3738 1982 3774 x.
2003 3728 2085 3774 ⁴7.
2124 3724 2141 3751 ‘
2161 3724 2306 3774 Libri
2338 3727 2465 3777 adi·.

1386 3808 1456 3867 ti,
1480 3807 1685 3870 quinam
1702 3800 1845 3865 linis,
1878 3809 1971 3853 aut
1998 3803 2136 3868 quod
2160 3804 2448 3855 remedium

1391 3884 1508 3947 ejus
1531 3883 1650 3931 mali
1674 3883 1741 3932 ab
1757 3881 1873 3932 Diis
1885 3880 2137 3930 daretur?
2201 3880 2451 3932 Ceterum

1389 3962 1609 4025 maium
1640 3974 1727 4008 nec
1756 3973 1920 4008 caussa
1950 3957 2100 4006 Harl.
2136 3961 2185 4005 2.
2212 3959 2350 4022 qnod
2380 3973 2449 4009 ex

1392 4036 1714 4101 grammatici
1754 4033 2077 4098 expositione
2118 4041 2296 4083 natum
2332 4041 2447 4096 est3

1391 4127 1506 4177 qum
1543 4113 1664 4160 olim
1704 4110 1925 4173 margini
1964 4108 2228 4173 adscripta
2262 4118 2450 4172 postea

1390 4190 1440 4239 in
1466 4195 1767 4238 contextum
1792 4194 2007 4249 recepta
2025 4194 2127 4236 est.
2194 4185 2353 4250 Cujus
2369 4186 2446 4237 rei

1389 4267 1493 4316 alia
1513 4264 1753 4329 exempla
1776 4263 1893 4314 vide
1917 4262 1984 4312 ad
2012 4274 2092 4313 tx.
2112 4265 2162 4311 8.
2184 4263 2213 4327 §
2233 4266 2282 4311 6.
2348 4263 2441 4314 So·
