2934 4925
472 449 646 516 7804

473 612 658 672 fuisse,
695 605 838 659 ΗΜ.
878 606 1008 657 Nat·
1043 616 1253 655 xxxin.
1294 608 1342 654 1.
1380 602 1532 654 ‘Nec

471 689 671 750 ignoro,
703 684 805 734 duo
827 683 987 732 millia
1008 681 1180 746 pondo
1197 680 1308 730 anri
1334 681 1532 745 perisse

472 761 717 827 Pompeii
738 760 897 810 tertio
914 758 1184 808 consulatu
1202 772 1231 806 e
1248 757 1531 820 Capitolini

468 839 619 891 Jovis
650 837 797 898 solio,
829 850 862 885 a
885 835 1101 886 Camillo
1124 834 1197 883 ibi
1219 833 1451 897 condita,
1475 838 1531 882 et

469 913 590 964 ideo
614 928 645 963 a
665 912 922 976 plerisque
943 909 1254 971 existimari,
1288 908 1392 958 duo
1414 910 1528 959 mil·

466 991 540 1040 lia
564 989 736 1054 pondo
758 988 982 1038 conlata.
1042 985 1163 1041 Sed.
1192 986 1328 1051 quod
1352 1000 1527 1037 acces-

467 1069 557 1130 sit,
580 1068 849 1117 Gallorum
875 1064 1054 1128 proeda
1085 1061 1201 1118 fuit.
1234 1063 1525 1113 detractum

467 1145 532 1195 ab
574 1145 653 1194 his
693 1144 744 1192 in
787 1148 936 1204 parte
974 1146 1144 1203 capto
1182 1139 1341 1189 Urbis
1376 1139 1525 1190 delu-

455 1210 610 1272 ‘bris.’
677 1217 886 1281 Effigies
924 1224 1098 1274 autem
1133 1214 1280 1266 Jovis
1312 1215 1524 1279 Capito·

462 1299 555 1348 lini
580 1311 679 1346 uon
702 1301 818 1346 erat
849 1302 1011 1352 stans,
1041 1291 1133 1342 sed
1171 1291 1360 1341 sedens
1394 1291 1526 1340 sella

462 1377 573 1425 sive
593 1372 837 1428 eburnea,
862 1371 970 1420 sive
989 1382 1164 1419 aurea.
1226 1367 1363 1416 Vide
1383 1366 1524 1418 Just.

461 1451 752 1516 Rycquinm
770 1448 836 1498 de
860 1448 1084 1510 Capitol.
1109 1429 1158 1497 c]
1181 1448 1262 1494 19.
1302 1444 1410 1494 Sub
1433 1445 1535 1502 illa,

460 1528 636 1593 itaque
672 1525 819 1578 Jovis
856 1522 1139 1588 Capitolini
1177 1522 1306 1572 sella
1342 1536 1521 1572 aurum

458 1603 557 1653 hoc
581 1603 804 1667 positum
826 1607 923 1658 est,
951 1598 1377 1665 quemadmodum
1402 1598 1520 1647 libri

458 1678 700 1744 Sibyllini
729 1677 824 1727 sub
856 1677 965 1726 basi
994 1675 1252 1739 Apollinis
1288 1675 1520 1726 Palatini

459 1757 598 1820 apud
633 1757 849 1806 Sueton.
886 1754 938 1803 in
962 1752 1098 1814 Aug.
1135 1766 1184 1801 c.
1216 1755 1298 1801 31.
1332 1751 1519 1801 ‘Solos

456 1832 674 1884 retinuit
708 1829 1028 1895 Sibyllinos3
1067 1828 1156 1878 hos
1189 1840 1392 1892 quoque
1427 1827 1517 1876 de·

453 1910 596 1960 lectu
615 1908 827 1958 habitoz
862 1905 1200 1968 condiditque
1217 1903 1417 1953 duobus
1440 1904 1518 1953 fo-

455 1985 582 2035 rulis
620 1983 817 2034 auratis
852 1980 947 2031 sub
991 1979 1219 2030 Palatini
1260 1978 1515 2043 Apollinis

452 2060 628 2112 basi2'
664 2059 729 2109 ad
772 2072 921 2123 quem
956 2057 1123 2106 locum
1163 2056 1407 2106 Torrent.
1446 2070 1515 2107 ex

454 2138 610 2188 Dion.
633 2136 776 2187 nans.
799 2132 890 2183 lib.
915 2145 1070 2183 xum
1100 2146 1151 2195 p.
1170 2134 1286 2181 243.
1316 2132 1514 2190 docuit,

454 2213 649 2266 Caesari
689 2211 941 2262 dictatori
987 2207 1223 2259 decretos
1264 2225 1297 2259 a
1328 2219 1513 2260 senatu

451 2291 691 2346 honores,
727 2286 893 2337 literis
935 2285 1104 2335 aureis
1148 2285 1200 2333 in
1247 2286 1511 2335 columnas

451 2371 726 2429 argenteas
767 2360 1048 2423 inscriptos
1091 2357 1182 2407 ὑπὸ
1225 2358 1332 2409 τοὺς
1364 2358 1513 2410 πόδας

447 2443 560 2492 σοῦ’
577 2438 691 2492 Διὸς
726 2438 815 2488 τοῦ
854 2433 1185 2487 Καπετωλίνου
1214 2437 1511 2488 conlocatos

448 2518 627 2570 fuisse.

513 2597 594 2659 §⁷
628 2595 745 2644 Jam
764 2600 875 2645 ante
910 2591 1078 2668 iit-gg-
1086 2592 1258 2655 religio
1294 2592 1510 2642 ciuitatis

445 2672 755 2743 adponant]
807 2674 924 2722 ,lum
964 2678 1068 2728 aut,
1112 2669 1166 2720 id
1208 2678 1290 2721 est
1329 2676 1505 2726 autem,

443 2751 575 2801 Lov.
596 2755 647 2800 2.
692 2749 828 2799 Vide
847 2748 912 2798 ad
933 2761 1114 2798 xxvn.
1130 2751 1211 2798 55.
1232 2749 1261 2812 §
1282 2750 1331 2795 7.
1378 2748 1507 2797 Tum

442 2828 499 2877 in
518 2842 572 2878 eo
590 2826 786 2890 collegio
800 2824 1013 2875 ciuitatis
1028 2823 1167 2876 Har.
1201 2822 1254 2872 ἐκ
1269 2837 1323 2873 eo
1337 2823 1508 2886 religio

441 2906 613 2955 civitas
631 2919 741 2968 app.
765 2902 911 2954 Leid.
930 2907 980 2952 2.

512 2986 652 3042 Quod
667 2998 811 3049 quum
834 2983 886 3032 ia
904 2981 1089 3046 publico
1111 2982 1290 3031 deesset
1309 2980 1504 3046 aarum]

434 3062 507 3112 ·In
532 3062 598 3110 V.
631 3059 694 3110 C.
730 3060 981 3124 scriptum
1005 3065 1106 3123 est,
1131 3059 1250 3121 quod
1269 3072 1374 3106 cum
1392 3057 1508 3106 inde

437 3137 567 3201 publ.
601 3138 726 3187 dees.
762 3150 947 3185 numm.
1010 3134 1086 3183 Ut
1123 3134 1361 3184 videatur
1398 3131 1505 3182 for-

440 3220 582 3263 tasse
612 3212 908 3276 legendum,
932 3211 1056 3273 qaod
1087 3224 1194 3259 cam
1228 3210 1287 3258 de
1321 3207 1505 3272 publico

438 3291 616 3339 deesset
652 3302 837 3337 annm·
882 3288 1120 3336 Ursinus.
1189 3284 1293 3333 Ms.
1324 3284 1503 3334 Ursini

436 3381 545 3415 cum
577 3366 687 3414 inde
719 3363 935 3428 publico.-
971 3361 1109 3411 unde
1144 3359 1273 3423 legit
1303 3374 1409 3409 cum
1443 3363 1502 3411 de

434 3443 638 3508 publico.
705 3442 818 3505 Ego
856 3453 977 3489 vero
1016 3452 1121 3487 cam
1151 3436 1268 3486 indu
1300 3437 1502 3502 publico,

439 3519 525 3570 vel
563 3519 683 3568 endo
713 3515 920 3581 publico.
952 3513 1141 3564 Klock.
1223 3513 1359 3564 Pall.
1393 3521 1499 3565 tres

435 3611 605 3646 nurum
624 3597 820 3645 deesset.
856 3593 1100 3643 Ceterum
1122 3603 1293 3654 neque
1316 3590 1369 3638 in
1386 3589 1497 3639 edi·

434 3674 518 3727 tis,
536 3686 704 3738 neque
725 3672 779 3720 in
801 3669 1000 3721 calamo
1021 3666 1178 3731 pictis
1202 3667 1374 3729 reperi
1391 3668 1494 3717 lec·

433 3751 630 3800 tionem
652 3747 956 3798 Fulvianam
978 3746 1101 3808 quod
1126 3743 1360 3793 ramiside
1374 3744 1495 3806 pub·

432 3827 523 3875 lico
539 3828 720 3877 deesset
733 3840 929 3875 cunm.-
948 3823 1086 3874 unde
1101 3821 1232 3873 facit
1246 3822 1370 3885 quod
1386 3836 1495 3871 cum

429 3909 490 3955 de
520 3907 703 3969 publico
724 3908 904 3956 deesset
922 3918 1109 3954 aarum.
1173 3902 1360 3952 Lectio
1385 3902 1493 3950 vul-

433 3991 560 4046 gata
581 3990 728 4033 recto
747 3989 853 4041 stat
889 3983 1015 4045 talo,
1046 3980 1254 4030 firmata
1285 3993 1492 4043 quoque

431 4057 667 4108 omnibus
705 4057 867 4107 libris.
932 4056 1217 4107 Historiam
1256 4067 1378 4104 vero
1413 4055 1489 4104 sic

428 4141 608 4183 narrat
627 4132 887 4182 Diodorus
911 4145 1027 4182 nv,
1050 4135 1162 4181 117.
1183 4145 1236 4194 p.
1256 4134 1373 4180 456.
1402 4129 1491 4179 Ai-

427 4225 568 4271 γουσι
588 4208 644 4257 δέ
662 4225 789 4258 τινες
811 4208 886 4257 καὶ
907 4207 1024 4257 διότι
1043 4207 1131 4258 τὸν
1149 4208 1359 4271 χρυσοῦν
1374 4205 1488 4256 κόσ-

425 4302 516 4344 μον
553 4283 602 4332 αἱ
633 4286 853 4345 γυναῖκες
885 4283 950 4334 εἷς
969 4284 1060 4343 τὴν
1078 4284 1238 4342 κοινὴν
1257 4284 1491 4347 σωτηρίαν

427 4358 771 4422 εἴσενέγκασαι,
809 4359 987 4420 ταύτης
1029 4358 1202 4423 ἔτυχον
1236 4362 1363 4426 παρὰ
1401 4363 1490 4412 τοῦ

1159 458 1378 510 NOTAE
1426 457 1837 509 vammum
1886 457 1968 508 ΙΝ

1600 604 1750 664 δῆμον
1787 604 1946 664 τιμῆς.
1979 601 2044 653 ὥς
2077 601 2125 652 τ’
2162 600 2377 667 leuticia?
2413 599 2547 665 ἔχειν
2587 601 2664 665 ἐφ’

1604 677 1824 743 ἀμμάτων
1836 678 2047 740 ὀχεῖσθαι
2062 678 2458 740 amaa-huram.
2490 680 2691 731 Quam·

1603 756 1873 806 historiam
1912 756 2188 807 confundit
2230 757 2501 806 Diodorus
2546 770 2662 804 cum

1602 832 1712 897 illa,
1745 846 1861 897 qua
1884 832 2134 883 recitatur
2159 831 2306 882 Livio
2340 831 2579 895 superius
2612 845 2662 880 c.

1602 915 1687 961 25.
1719 911 1788 960 Et
1810 910 2184 974 ignoscendum
2197 910 2388 962 Graeco
2398 908 2666 972 scriptori,

1602 987 1656 1037 in
1693 987 1941 1039 Romanis
1981 1001 2083 1038 nou
2127 987 2255 1038 nihil
2303 985 2662 1036 hallucinanti.

1604 1063 1759 1114 Gema.
1825 1064 2061 1115 Latinius
2088 1062 2227 1128 apud
2264 1059 2555 1114 Hearnium
2589 1062 2662 1111 le·
2757 1061 2763 1067 '

1601 1140 1679 1203 git
1711 1144 1770 1192 dc
1797 1141 2001 1206 publico.
2068 1140 2210 1193 Nihil
2232 1138 2538 1190 mutandum
2561 1144 2661 1188 est.

1602 1215 1750 1267 Infra
1771 1230 1930 1267 xxvi.
1954 1223 2035 1268 86.
2071 1217 2087 1246 ‘
2106 1217 2224 1267 Nec
2248 1216 2488 1280 pecunie
2512 1214 2660 1279 quid·

1597 1306 1748 1356 quam
1784 1293 1837 1342 in
1873 1293 2083 1356 publico
2116 1291 2295 1343 esset)
2360 1291 2659 1342 Eadem'el-

1599 1367 1717 1432 lipsi
1742 1368 1954 1431 dicitur,
1987 1383 2090 1434 qua
2119 1369 2136 1397 ⁶
2155 1367 2391 1431 redigere
2414 1369 2468 1417 in
2493 1367 2662 1431 publi-

1598 1444 1742 1494 cnm’
1775 1458 1853 1496 lv.
1891 1450 1972 1495 lo.
2004 1445 2140 1495 Dok.
2210 1444 2350 1501 Quod
2381 1444 2439 1492 in
2471 1444 2662 1507 publico

1598 1519 1740 1570 Hav.
1761 1521 1946 1572 omissa
1981 1535 2110 1572 voce
2141 1535 2302 1585 qm,
2333 1535 2452 1587 qum
2494 1521 2660 1570 inter·

1595 1604 1755 1661 cepta
1771 1606 1852 1648 est
1875 1612 1904 1647 a
1930 1597 2251 1662 proecedenti
2272 1599 2414 1661 qnod.
2444 1596 2659 1646 Deinde

1591 1688 1762 1724 aarum
1781 1676 1962 1725 deesset
1981 1676 2132 1725 Voss.
2158 1679 2208 1728 2.
2243 1673 2373 1725 Lov.
2393 1678 2445 1724 2.
2467 1678 2519 1725 3.
2541 1678 2595 1724 4.
2612 1679 2660 1725 5.

1593 1750 1743 1800 Harl.
1764 1757 1814 1802 2.
1840 1753 2061 1803 Gaertn.
2083 1753 2232 1803 Port.
2250 1750 2454 1803 Har-et
2471 1749 2659 1815 frugm.

1591 1826 1732 1877 Hav.
1809 1829 2018 1893 Reliqui
2054 1841 2150 1893 per
2184 1827 2354 1877 omnia
2389 1827 2657 1889 vulgatum

1594 1909 1827 1955 tuentur.
1894 1903 2339 1957 Quemadmodum
2381 1902 2560 1952 Ursin.
2603 1903 2656 1953 in

1593 1979 1661 2027 V.
1706 1979 1768 2030 C.
1808 1980 2027 2045 invenit,
2079 1987 2238 2046 utque
2281 1977 2401 2030 iude
2449 1978 2655 2048 Livium

1591 2056 1965 2106 emendandum
1979 2056 2220 2121 conjecit,
2236 2055 2476 2107 similiter
2491 2056 2655 2107 etiam

1591 2132 1826 2182 Latinius
1851 2133 1902 2182 in
1927 2133 2153 2197 Neapol.
2171 2147 2229 2183 se
2257 2132 2538 2190 invenisse.
2572 2140 2653 2182 at-

1588 2223 1688 2273 que
1710 2209 2088 2262 emendandum
2106 2208 2389 2260 credidisse
2407 2215 2657 2261 testatur.

1585 2286 1754 2337 Miror
1792 2300 1932 2350 vero,
1965 2287 2101 2336 viros
2135 2287 2338 2348 doctos,
2370 2285 2462 2351 qni
2490 2285 2651 2336 codd.

1585 2377 1737 2414 maun
1757 2371 1997 2414 exaratos
2016 2377 2225 2414 versare
2247 2370 2653 2421 consueverunt,

1586 2454 1690 2491 non
1721 2440 1930 2504 vidisse,
1964 2439 2092 2493 illud
2123 2441 2237 2491 inde
2265 2440 2454 2505 publico
2475 2454 2650 2491 exer·

1584 2530 1703 2567 rore
1738 2519 2029 2570 scribarum
2071 2524 2249 2568 natum
2294 2531 2412 2566 esse
2455 2531 2552 2581 pro
2596 2517 2650 2566 in

1581 2593 1785 2657 publico,
1806 2609 1903 2658 pro
1918 2609 2021 2659 quo
2043 2595 2220 2644 datum
2238 2600 2354 2644 erat
2371 2593 2429 2644 iri'
2442 2593 2650 2656 publico.

1583 2672 1739 2735 Saepe
1758 2673 1894 2722 enim
1919 2675 1996 2722 ita
2015 2678 2266 2736 peccatur
2285 2671 2339 2720 in
2361 2671 2491 2728 Mss.
2514 2677 2575 2720 ut
2592 2671 2649 2720 in

1583 2754 1639 2797 et
1669 2747 1741 2810 ia,
1779 2750 1889 2798 sive
1920 2748 2049 2811 inde,
2084 2748 2223 2798 inter
2243 2760 2300 2797 se
2322 2752 2647 2797 commuten-

1582 2830 1684 2876 tur.
1750 2824 1888 2876 Vide
1925 2828 1991 2875 ad
2026 2839 2084 2875 x.
2116 2829 2200 2875 20.
2233 2825 2263 2889 ς
2294 2828 2346 2877 θ.
2413 2824 2488 2874 At
2527 2825 2644 2888 quis

1579 2898 1721 2951 ferre
1743 2907 1923 2965 potest
1956 2901 2255 2965 Klockium,
2291 2901 2408 2950 indu
2438 2900 2646 2965 publico,

1583 2979 1665 3028 vel
1689 2980 1806 3028 endo
1837 2978 2024 3042 publico
2055 2978 2354 3042 legentem?
2383 2979 2535 3042 qnasi
2559 2979 2644 3028 Li·

1580 3053 1693 3103 vius
1709 3054 1861 3103 Ennii
1882 3062 1973 3104 aut
1991 3053 2231 3117 Pacuvii,
2246 3052 2330 3103 vel
2347 3053 2643 3118 antiquiore

1580 3135 1815 3193 tempore
1839 3131 2067 3181 vixisset.
2624 3180 2631 3186 ,

1641 3208 1728 3256 Ex
1749 3221 1837 3271 qao
1858 3221 2039 3257 samma
2057 3210 2209 3270 pacta
2228 3205 2460 3256 mercedis
2486 3206 2642 3257 Gallis

1573 3282 1820 3348 confieret]
1855 3283 1922 3332 In
1954 3282 2076 3333 edd.
2107 3281 2228 3334 Jac.
2260 3281 2514 3332 Gronovii
2550 3298 2639 3333 an·

1568 3372 1752 3408 norum
1790 3363 1931 3409 1578.
1971 3365 2029 3409 et
2064 3362 2214 3408 1679.
2243 3372 2524 3423 operarum
2554 3374 2638 3429 erg·

1573 3449 1691 3486 rore
1713 3435 1910 3491 editum
1934 3442 2017 3485 est
2037 3450 2090 3485 eo
2123 3449 2232 3499 quo,
2263 3435 2402 3500 quod
2427 3422 2636 3486 A'mste·

1571 3511 1693 3564 loed.
1717 3527 1916 3578 nupera
1935 3512 2162 3562 fideliter
2182 3513 2430 3562 servavit.
2476 3514 2635 3563 Dein·

1571 3589 1635 3638 de
1654 3597 1863 3654 peracte
1883 3590 2109 3641 mercedis
2138 3589 2356 3640 Hearnii
2379 3589 2554 3640 Oxou.
2573 3591 2634 3640 L.

1571 3669 1619 3715 1.
1656 3668 1919 3719 Librarius
1937 3667 2189 3731 scriptum
2206 3679 2320 3717 esse
2334 3666 2634 3717 crediderat

1566 3751 1753 3826 pacta.
1796 3745 1923 3796 Pari
1945 3744 2371 3825 medopagebcnt,
2388 3758 2478 3792 seu
2495 3758 2632 3806 pera-

1563 3823 1763 3888 gebuine,
1801 3829 1859 3873 et
1896 3822 2187 3886 pangebant,
2227 3836 2320 3872 seu
2371 3821 2630 3884 figebant,

1567 3903 1951 3950 commntantur
1972 3912 2075 3950 vn.
2094 3902 2146 3949 2.
2167 3898 2192 3961 §
2211 3902 2260 3948 7.
2306 3895 2508 3946 Similia
2529 3894 2630 3945 alia

1568 3977 1687 4028 vide
1725 3977 1791 4026 ad
1828 3989 1966 4026 xxv.
2000 3978 2051 4025 7.
2085 3976 2192 4039 §4.
2256 3973 2430 4022 Voces
2452 3980 2628 4022 autem

1565 4068 1658 4104 sex
1680 4053 1879 4117 priores
1901 4049 2152 4102 deficiunt
2172 4051 2226 4100 in
2240 4049 2467 4100 Gaertu.
2516 4050 2627 4098 De·

1565 4130 1722 4194 nique
1762 4128 2056 4188 conferretur
2105 4127 2230 4176 Lov,
2274 4132 2327 4174 5.
2378 4125 2528 4175 Harl.
2572 4128 2624 4173 2.

1566 4205 1788 4256 Gaertn.
1805 4204 1957 4255 Port.
1975 4202 2113 4255 Hav.
2134 4210 2190 4253 et
2211 4201 2429 4252 Hearnii
2452 4200 2624 4249 Oxou.

1566 4285 1638 4334 N.
1669 4289 1725 4334 et
1760 4284 1822 4334 C.
1860 4279 1996 4347 quod
2019 4293 2083 4331 ex
2109 4277 2412 4343 interpretis
2434 4279 2623 4340 glosse-

1563 4364 1704 4413 mate
1749 4363 1925 4412 natum
1970 4371 2084 4410 esse
2125 4369 2334 4408 censeo.
2416 4355 2521 4404 Pro
2556 4366 2619 4402 eo
