<?xml version="1.0" encoding="UTF-8"?>
<!DOCTYPE html PUBLIC "-//W3C//DTD XHTML 1.0 Transitional//EN"
    "http://www.w3.org/TR/xhtml1/DTD/xhtml1-transitional.dtd">
<html xmlns="http://www.w3.org/1999/xhtml" xml:lang="en" lang="en">
 <head>
  <title>
</title>
<meta http-equiv="Content-Type" content="text/html;charset=utf-8" />
  <meta name='ocr-system' content='tesseract 3.04.00' />
  <meta name='ocr-capabilities' content='ocr_page ocr_carea ocr_par ocr_line ocrx_word'/>
</head>
<body>
  <div class='ocr_page' id='page_1' title='image "./tliviipatavinih12unkngoog_0124.png"; bbox 0 0 2934 4925; ppageno 0'>
   <div class='ocr_carea' id='block_1_1' title="bbox 465 393 641 479">
    <p class='ocr_par' dir='ltr' id='par_1_1' title="bbox 465 393 641 479">
     <span class='ocr_line' id='line_1_1' title="bbox 465 393 641 479; baseline 0.011 -18"><span class='ocrx_word' id='word_1_1' title='bbox 465 393 641 479; x_wconf 73' lang='lat'>7628</span> 
     </span>
    </p>
   </div>
   <div class='ocr_carea' id='block_1_2' title="bbox 465 551 1530 1002">
    <p class='ocr_par' dir='ltr' id='par_1_2' title="bbox 465 551 1530 1002">
     <span class='ocr_line' id='line_1_2' title="bbox 469 551 1527 619; baseline -0.009 -11"><span class='ocrx_word' id='word_1_2' title='bbox 469 555 605 608; x_wconf 79' lang='lat' dir='ltr'><strong><em>culi?</em></strong></span> <span class='ocrx_word' id='word_1_3' title='bbox 627 568 843 606; x_wconf 86' lang='lat' dir='ltr'><strong><em>numero</em></strong></span> <span class='ocrx_word' id='word_1_4' title='bbox 869 552 1119 619; x_wconf 71' lang='lat' dir='ltr'>singulari</span> <span class='ocrx_word' id='word_1_5' title='bbox 1140 551 1220 602; x_wconf 88' lang='lat' dir='ltr'><strong><em>bis</em></strong></span> <span class='ocrx_word' id='word_1_6' title='bbox 1252 558 1400 602; x_wconf 79' lang='lat' dir='ltr'><strong><em>terve</em></strong></span> <span class='ocrx_word' id='word_1_7' title='bbox 1422 560 1527 600; x_wconf 87' lang='lat' dir='ltr'><strong><em>me·</em></strong></span> 
     </span>
     <span class='ocr_line' id='line_1_3' title="bbox 468 628 1529 684; baseline -0.009 0"><span class='ocrx_word' id='word_1_8' title='bbox 468 635 649 684; x_wconf 75' lang='lat' dir='ltr'><strong><em>minit.</em></strong></span> <span class='ocrx_word' id='word_1_9' title='bbox 707 633 976 683; x_wconf 81' lang='lat' dir='ltr'><strong><em>Praeteree</em></strong></span> <span class='ocrx_word' id='word_1_10' title='bbox 1007 644 1170 679; x_wconf 77' lang='lat' dir='ltr'><strong><em>census</em></strong></span> <span class='ocrx_word' id='word_1_11' title='bbox 1192 633 1313 678; x_wconf 73' lang='lat' dir='ltr'><strong><em>esset</em></strong></span> <span class='ocrx_word' id='word_1_12' title='bbox 1338 628 1478 676; x_wconf 84' lang='lat' dir='ltr'><strong><em>Flor.</em></strong></span> <span class='ocrx_word' id='word_1_13' title='bbox 1498 640 1529 674; x_wconf 84' lang='lat' dir='ltr'><strong><em>a</em></strong></span> 
     </span>
     <span class='ocr_line' id='line_1_4' title="bbox 466 703 1526 775; baseline -0.009 -13"><span class='ocrx_word' id='word_1_14' title='bbox 466 726 536 761; x_wconf 88' lang='lat' dir='ltr'><strong><em>m.</em></strong></span> <span class='ocrx_word' id='word_1_15' title='bbox 563 726 643 775; x_wconf 88' lang='lat' dir='ltr'><strong><em>pr.</em></strong></span> <span class='ocrx_word' id='word_1_16' title='bbox 669 710 789 760; x_wconf 82' lang='lat' dir='ltr'><strong><em>alibi</em></strong></span> <span class='ocrx_word' id='word_1_17' title='bbox 814 722 901 758; x_wconf 85' lang='lat' dir='ltr'><strong><em>eas</em></strong></span> <span class='ocrx_word' id='word_1_18' title='bbox 924 722 1078 757; x_wconf 80' lang='lat' dir='ltr'><strong><em>voees</em></strong></span> <span class='ocrx_word' id='word_1_19' title='bbox 1110 703 1413 756; x_wconf 84' lang='lat' dir='ltr'><strong><em>commutari</em></strong></span> <span class='ocrx_word' id='word_1_20' title='bbox 1436 703 1526 752; x_wconf 88' lang='lat' dir='ltr'><strong><em>do·</em></strong></span> 
     </span>
     <span class='ocr_line' id='line_1_5' title="bbox 468 781 1530 836; baseline -0.008 0"><span class='ocrx_word' id='word_1_21' title='bbox 468 794 557 836; x_wconf 85' lang='lat' dir='ltr'><strong><em>eet</em></strong></span> <span class='ocrx_word' id='word_1_22' title='bbox 599 787 723 836; x_wconf 84' lang='lat' dir='ltr'><strong><em>Nic.</em></strong></span> <span class='ocrx_word' id='word_1_23' title='bbox 760 785 945 835; x_wconf 87' lang='lat' dir='ltr'><strong><em>Heius.</em></strong></span> <span class='ocrx_word' id='word_1_24' title='bbox 981 783 1217 832; x_wconf 67' lang='lat' dir='ltr'><strong><em>acl-Nan.</em></strong></span> <span class='ocrx_word' id='word_1_25' title='bbox 1255 781 1530 831; x_wconf 57' lang='lat' dir='ltr'><strong><em>Fast.=1n.</em></strong></span> 
     </span>
     <span class='ocr_line' id='line_1_6' title="bbox 467 857 1527 926; baseline -0.007 -13"><span class='ocrx_word' id='word_1_26' title='bbox 467 867 584 915; x_wconf 86' lang='grc'><strong>829.</strong></span> <span class='ocrx_word' id='word_1_27' title='bbox 649 863 784 913; x_wconf 86' lang='lat' dir='ltr'><strong><em>Vide</em></strong></span> <span class='ocrx_word' id='word_1_28' title='bbox 807 877 928 925; x_wconf 85' lang='lat' dir='ltr'><strong><em>eap.</em></strong></span> <span class='ocrx_word' id='word_1_29' title='bbox 957 875 1113 926; x_wconf 82' lang='lat' dir='ltr'><strong><em>proee.</em></strong></span> <span class='ocrx_word' id='word_1_30' title='bbox 1137 862 1164 924; x_wconf 64' lang='grc' dir='ltr'><strong>ς</strong></span> <span class='ocrx_word' id='word_1_31' title='bbox 1187 865 1236 910; x_wconf 82' lang='grc'><strong><em>6.</em></strong></span> <span class='ocrx_word' id='word_1_32' title='bbox 1267 861 1319 909; x_wconf 86' lang='lat' dir='ltr'><strong><em>in</em></strong></span> <span class='ocrx_word' id='word_1_33' title='bbox 1342 857 1527 908; x_wconf 89' lang='lat' dir='ltr'><strong><em>eodem</em></strong></span> 
     </span>
     <span class='ocr_line' id='line_1_7' title="bbox 465 939 1526 1002; baseline -0.006 -13"><span class='ocrx_word' id='word_1_34' title='bbox 465 939 582 989; x_wconf 84' lang='lat' dir='ltr'><strong><em>cod.</em></strong></span> <span class='ocrx_word' id='word_1_35' title='bbox 624 946 809 1002; x_wconf 81' lang='lat' dir='ltr'><strong><em>postea</em></strong></span> <span class='ocrx_word' id='word_1_36' title='bbox 852 939 989 988; x_wconf 87' lang='lat' dir='ltr'><strong><em>male</em></strong></span> <span class='ocrx_word' id='word_1_37' title='bbox 1037 939 1194 986; x_wconf 80' lang='lat' dir='ltr'><strong><em>etiam</em></strong></span> <span class='ocrx_word' id='word_1_38' title='bbox 1245 951 1275 984; x_wconf 76' lang='lat' dir='ltr'>a</span> <span class='ocrx_word' id='word_1_39' title='bbox 1309 951 1376 984; x_wconf 88' lang='lat' dir='ltr'><strong><em>m.</em></strong></span> <span class='ocrx_word' id='word_1_40' title='bbox 1420 946 1526 984; x_wconf 82' lang='lat' dir='ltr'><strong><em>see.</em></strong></span> 
     </span>
    </p>
   </div>
   <div class='ocr_carea' id='block_1_3' title="bbox 1159 400 1959 456">
    <p class='ocr_par' dir='ltr' id='par_1_3' title="bbox 1159 400 1959 456">
     <span class='ocr_line' id='line_1_8' title="bbox 1159 400 1959 456; baseline -0.003 0"><span class='ocrx_word' id='word_1_41' title='bbox 1159 405 1375 456; x_wconf 79' lang='lat' dir='ltr'><strong><em>No&#39;rAE</em></strong></span> <span class='ocrx_word' id='word_1_42' title='bbox 1425 400 1827 454; x_wconf 76' lang='lat' dir='ltr'><strong><em>vAmoRUM</em></strong></span> <span class='ocrx_word' id='word_1_43' title='bbox 1874 401 1959 454; x_wconf 75' lang='lat' dir='ltr'><strong><em>m</em></strong></span> 
     </span>
    </p>
   </div>
   <div class='ocr_carea' id='block_1_4' title="bbox 1600 545 2679 994">
    <p class='ocr_par' dir='ltr' id='par_1_4' title="bbox 1600 545 2679 994">
     <span class='ocr_line' id='line_1_9' title="bbox 1603 545 2675 600; baseline -0.004 -3"><span class='ocrx_word' id='word_1_44' title='bbox 1603 548 1730 598; x_wconf 74' lang='lat' dir='ltr'><strong><em>votis</em></strong></span> <span class='ocrx_word' id='word_1_45' title='bbox 1750 563 1813 598; x_wconf 83' lang='lat' dir='ltr'><strong><em>ex</em></strong></span> <span class='ocrx_word' id='word_1_46' title='bbox 1843 548 1959 598; x_wconf 76' lang='lat' dir='ltr'><strong><em>erbe</em></strong></span> <span class='ocrx_word' id='word_1_47' title='bbox 1987 561 2088 596; x_wconf 73' lang='lat' dir='ltr'><strong><em>sea</em></strong></span> <span class='ocrx_word' id='word_1_48' title='bbox 2117 551 2306 599; x_wconf 76' lang='lat' dir='ltr'><strong><em>vocatos</em></strong></span> <span class='ocrx_word' id='word_1_49' title='bbox 2329 545 2477 600; x_wconf 81' lang='lat' dir='ltr'><strong><em>Leid.</em></strong></span> <span class='ocrx_word' id='word_1_50' title='bbox 2506 549 2555 597; x_wconf 86' lang='lat'><strong><em>1.</em></strong></span> <span class='ocrx_word' id='word_1_51' title='bbox 2589 545 2675 596; x_wconf 66' lang='lat' dir='ltr'><strong><em>in·</em></strong></span> 
     </span>
     <span class='ocr_line' id='line_1_10' title="bbox 1605 623 2677 688; baseline -0.002 -15"><span class='ocrx_word' id='word_1_52' title='bbox 1605 626 1773 688; x_wconf 84' lang='lat' dir='ltr'><strong><em>perite</em></strong></span> <span class='ocrx_word' id='word_1_53' title='bbox 1815 623 1994 673; x_wconf 83' lang='lat' dir='ltr'><strong><em>divisis</em></strong></span> <span class='ocrx_word' id='word_1_54' title='bbox 2039 624 2205 674; x_wconf 85' lang='lat' dir='ltr'><strong><em>literis</em></strong></span> <span class='ocrx_word' id='word_1_55' title='bbox 2250 626 2523 673; x_wconf 66' lang='lat' dir='ltr'><strong><em>invoces.</em></strong></span> <span class='ocrx_word' id='word_1_56' title='bbox 2589 623 2677 671; x_wconf 76' lang='lat' dir='ltr'><strong><em>Ea</em></strong></span> 
     </span>
     <span class='ocr_line' id='line_1_11' title="bbox 1603 699 2675 764; baseline 0.001 -16"><span class='ocrx_word' id='word_1_57' title='bbox 1603 705 1777 748; x_wconf 86' lang='lat' dir='ltr'><strong><em>autem</em></strong></span> <span class='ocrx_word' id='word_1_58' title='bbox 1820 700 1983 750; x_wconf 87' lang='lat' dir='ltr'><strong><em>leetio</em></strong></span> <span class='ocrx_word' id='word_1_59' title='bbox 2019 715 2175 764; x_wconf 88' lang='lat' dir='ltr'><strong><em>quum</em></strong></span> <span class='ocrx_word' id='word_1_60' title='bbox 2210 699 2486 749; x_wconf 82' lang='lat' dir='ltr'><strong><em>manifeste</em></strong></span> <span class='ocrx_word' id='word_1_61' title='bbox 2521 713 2675 749; x_wconf 78' lang='lat' dir='ltr'><strong><em>meu-</em></strong></span> 
     </span>
     <span class='ocr_line' id='line_1_12' title="bbox 1603 775 2679 832; baseline 0.001 -8"><span class='ocrx_word' id='word_1_62' title='bbox 1603 776 1731 825; x_wconf 84' lang='lat' dir='ltr'><strong><em>desa</em></strong></span> <span class='ocrx_word' id='word_1_63' title='bbox 1769 775 1925 832; x_wconf 80' lang='lat' dir='ltr'><strong><em>foret,</em></strong></span> <span class='ocrx_word' id='word_1_64' title='bbox 1958 777 2045 826; x_wconf 79' lang='lat' dir='ltr'><strong><em>alii</em></strong></span> <span class='ocrx_word' id='word_1_65' title='bbox 2080 778 2423 827; x_wconf 67' lang='lat' dir='ltr'><strong>emendarunt</strong></span> <span class='ocrx_word' id='word_1_66' title='bbox 2457 792 2522 826; x_wconf 77' lang='lat' dir='ltr'><strong><em>ex</em></strong></span> <span class='ocrx_word' id='word_1_67' title='bbox 2552 776 2679 825; x_wconf 71' lang='lat' dir='ltr'><strong><em>erbe</em></strong></span> 
     </span>
     <span class='ocr_line' id='line_1_13' title="bbox 1600 850 2677 917; baseline -0.003 -15"><span class='ocrx_word' id='word_1_68' title='bbox 1600 850 1699 902; x_wconf 65' lang='lat' dir='ltr'><strong><em>sua?</em></strong></span> <span class='ocrx_word' id='word_1_69' title='bbox 1717 859 1919 910; x_wconf 75' lang='lat' dir='ltr'><strong><em>vocatos,</em></strong></span> <span class='ocrx_word' id='word_1_70' title='bbox 1945 853 2199 917; x_wconf 85' lang='lat' dir='ltr'><strong><em>quomodo</em></strong></span> <span class='ocrx_word' id='word_1_71' title='bbox 2232 854 2425 916; x_wconf 82' lang='lat' dir='ltr'><strong><em>legitur</em></strong></span> <span class='ocrx_word' id='word_1_72' title='bbox 2449 854 2500 903; x_wconf 88' lang='lat' dir='ltr'><strong><em>in</em></strong></span> <span class='ocrx_word' id='word_1_73' title='bbox 2538 854 2677 902; x_wconf 78' lang='lat' dir='ltr'><strong><em>Lov.</em></strong></span> 
     </span>
     <span class='ocr_line' id='line_1_14' title="bbox 1602 929 2674 994; baseline -0.002 -16"><span class='ocrx_word' id='word_1_74' title='bbox 1602 935 1653 978; x_wconf 66' lang='grc' dir='ltr'><strong>δ’.</strong></span> <span class='ocrx_word' id='word_1_75' title='bbox 1678 929 1826 978; x_wconf 88' lang='lat' dir='ltr'><strong><em>Harl.</em></strong></span> <span class='ocrx_word' id='word_1_76' title='bbox 1842 935 1892 979; x_wconf 91' lang='grc'><strong><em>2.</em></strong></span> <span class='ocrx_word' id='word_1_77' title='bbox 1909 937 1963 979; x_wconf 91' lang='lat' dir='ltr'><strong><em>et</em></strong></span> <span class='ocrx_word' id='word_1_78' title='bbox 1979 929 2168 994; x_wconf 78' lang='lat' dir='ltr'><strong><em>fragm.</em></strong></span> <span class='ocrx_word' id='word_1_79' title='bbox 2186 929 2323 978; x_wconf 80' lang='lat' dir='ltr'><strong><em>Hav.</em></strong></span> <span class='ocrx_word' id='word_1_80' title='bbox 2378 929 2484 978; x_wconf 86' lang='lat' dir='ltr'><strong><em>Sed</em></strong></span> <span class='ocrx_word' id='word_1_81' title='bbox 2506 930 2523 958; x_wconf 91' lang='lat'>‘</span> <span class='ocrx_word' id='word_1_82' title='bbox 2541 942 2674 977; x_wconf 83' lang='lat' dir='ltr'><strong><em>evo-</em></strong></span> 
     </span>
    </p>
   </div>
   <div class='ocr_carea' id='block_1_5' title="bbox 463 1003 2676 1068">
    <p class='ocr_par' dir='ltr' id='par_1_5' title="bbox 463 1003 2676 1068">
     <span class='ocr_line' id='line_1_15' title="bbox 463 1003 2676 1068; baseline -0.005 -3"><span class='ocrx_word' id='word_1_83' title='bbox 463 1016 802 1067; x_wconf 84' lang='lat' dir='ltr'><strong><em>substitutum</em></strong></span> <span class='ocrx_word' id='word_1_84' title='bbox 828 1022 942 1065; x_wconf 89' lang='lat' dir='ltr'><strong><em>erat</em></strong></span> <span class='ocrx_word' id='word_1_85' title='bbox 963 1028 1179 1064; x_wconf 72' lang='lat' dir='ltr'><strong><em>assensus</em></strong></span> <span class='ocrx_word' id='word_1_86' title='bbox 1201 1018 1291 1062; x_wconf 77' lang='lat' dir='ltr'><strong><em>est.</em></strong></span> <span class='ocrx_word' id='word_1_87' title='bbox 1339 1012 1527 1061; x_wconf 82' lang='lat' dir='ltr'><strong><em>Paullo</em></strong></span> <span class='ocrx_word' id='word_1_88' title='bbox 1597 1003 1745 1053; x_wconf 64' lang='lat' dir='ltr'><strong><em>‘tare&#39;</em></strong></span> <span class='ocrx_word' id='word_1_89' title='bbox 1768 1005 1818 1052; x_wconf 77' lang='lat' dir='ltr'><strong><em>in</em></strong></span> <span class='ocrx_word' id='word_1_90' title='bbox 1843 1005 1941 1054; x_wconf 76' lang='lat' dir='ltr'><strong><em>hac</em></strong></span> <span class='ocrx_word' id='word_1_91' title='bbox 1976 1018 2032 1053; x_wconf 79' lang='lat' dir='ltr'><strong><em>re</em></strong></span> <span class='ocrx_word' id='word_1_92' title='bbox 2067 1004 2329 1068; x_wconf 80' lang='lat' dir='ltr'><strong><em>proprium</em></strong></span> <span class='ocrx_word' id='word_1_93' title='bbox 2363 1011 2464 1053; x_wconf 82' lang='lat' dir='ltr'><strong><em>est.</em></strong></span> <span class='ocrx_word' id='word_1_94' title='bbox 2527 1003 2676 1051; x_wconf 78' lang='lat' dir='ltr'><strong><em>Vide</em></strong></span> 
     </span>
    </p>
   </div>
   <div class='ocr_carea' id='block_1_6' title="bbox 451 1089 1533 2375">
    <p class='ocr_par' dir='ltr' id='par_1_6' title="bbox 451 1089 1533 2375">
     <span class='ocr_line' id='line_1_16' title="bbox 465 1089 1508 1155; baseline -0.004 -14"><span class='ocrx_word' id='word_1_95' title='bbox 465 1099 585 1142; x_wconf 79' lang='lat' dir='ltr'><strong><em>ente</em></strong></span> <span class='ocrx_word' id='word_1_96' title='bbox 608 1107 707 1141; x_wconf 80' lang='lat' dir='ltr'><strong><em>vox</em></strong></span> <span class='ocrx_word' id='word_1_97' title='bbox 731 1092 893 1142; x_wconf 70' lang='lat' dir='ltr'><strong><em>urbem</em></strong></span> <span class='ocrx_word' id='word_1_98' title='bbox 917 1105 1021 1140; x_wconf 89' lang='lat' dir='ltr'><strong><em>non</em></strong></span> <span class='ocrx_word' id='word_1_99' title='bbox 1044 1091 1270 1155; x_wconf 77' lang='lat' dir='ltr'><strong>adparet</strong></span> <span class='ocrx_word' id='word_1_100' title='bbox 1287 1090 1339 1138; x_wconf 87' lang='lat' dir='ltr'><strong><em>in</em></strong></span> <span class='ocrx_word' id='word_1_101' title='bbox 1360 1089 1508 1138; x_wconf 79' lang='lat' dir='ltr'><strong><em>Port-</em></strong></span> 
     </span>
     <span class='ocr_line' id='line_1_17' title="bbox 531 1166 1529 1231; baseline 0 -17"><span class='ocrx_word' id='word_1_102' title='bbox 531 1169 612 1231; x_wconf 78' lang='lat'><strong><em>§5</em></strong></span> <span class='ocrx_word' id='word_1_103' title='bbox 654 1168 872 1218; x_wconf 73' lang='lat' dir='ltr'><strong><em>Veientes</em></strong></span> <span class='ocrx_word' id='word_1_104' title='bbox 909 1166 1091 1229; x_wconf 40' lang='lat' dir='ltr'><strong><em>ignor&amp;</em></strong></span> <span class='ocrx_word' id='word_1_105' title='bbox 1119 1183 1167 1216; x_wconf 87' lang='lat' dir='ltr'><strong><em>se</em></strong></span> <span class='ocrx_word' id='word_1_106' title='bbox 1189 1167 1296 1228; x_wconf 76' lang='lat' dir='ltr'><strong><em>jam</em></strong></span> <span class='ocrx_word' id='word_1_107' title='bbox 1333 1166 1392 1215; x_wconf 81' lang='lat' dir='ltr'><strong><em>ab</em></strong></span> <span class='ocrx_word' id='word_1_108' title='bbox 1429 1167 1529 1215; x_wconf 78' lang='lat' dir='ltr'><strong><em>suis</em></strong></span> 
     </span>
     <span class='ocr_line' id='line_1_18' title="bbox 461 1243 1528 1315; baseline -0.002 -22"><span class='ocrx_word' id='word_1_109' title='bbox 461 1243 789 1304; x_wconf 51' lang='lat' dir='ltr'><strong><em>westiwudam</em></strong></span> <span class='ocrx_word' id='word_1_110' title='bbox 810 1245 868 1292; x_wconf 79' lang='lat' dir='ltr'><strong><em>ab</em></strong></span> <span class='ocrx_word' id='word_1_111' title='bbox 901 1244 1114 1293; x_wconf 75' lang='lat' dir='ltr'><strong><em>externis</em></strong></span> <span class='ocrx_word' id='word_1_112' title='bbox 1134 1243 1337 1315; x_wconf 54' lang='lat' dir='ltr'><strong><em>ora-culis</em></strong></span> <span class='ocrx_word' id='word_1_113' title='bbox 1366 1244 1528 1307; x_wconf 82' lang='lat' dir='ltr'><strong><em>prodi·</em></strong></span> 
     </span>
     <span class='ocr_line' id='line_1_19' title="bbox 462 1319 1527 1384; baseline -0.001 -15"><span class='ocrx_word' id='word_1_114' title='bbox 462 1321 562 1384; x_wconf 78' lang='lat' dir='ltr'><strong><em>tos]</em></strong></span> <span class='ocrx_word' id='word_1_115' title='bbox 603 1320 823 1371; x_wconf 77' lang='lat' dir='ltr'><strong><em>Veientes</em></strong></span> <span class='ocrx_word' id='word_1_116' title='bbox 859 1320 1048 1382; x_wconf 76' lang='lat' dir='ltr'><strong><em>signari</em></strong></span> <span class='ocrx_word' id='word_1_117' title='bbox 1085 1319 1232 1370; x_wconf 84' lang='lat' dir='ltr'><strong><em>Leid.</em></strong></span> <span class='ocrx_word' id='word_1_118' title='bbox 1252 1324 1300 1369; x_wconf 90' lang='lat'><strong><em>1.</em></strong></span> <span class='ocrx_word' id='word_1_119' title='bbox 1333 1320 1458 1369; x_wconf 82' lang='lat' dir='ltr'><strong><em>Lov.</em></strong></span> <span class='ocrx_word' id='word_1_120' title='bbox 1479 1323 1527 1369; x_wconf 72' lang='lat'><strong><em>8.</em></strong></span> 
     </span>
     <span class='ocr_line' id='line_1_20' title="bbox 465 1394 1529 1445; baseline 0 -2"><span class='ocrx_word' id='word_1_121' title='bbox 465 1394 617 1444; x_wconf 84' lang='lat' dir='ltr'><strong><em>Harl.</em></strong></span> <span class='ocrx_word' id='word_1_122' title='bbox 638 1400 686 1444; x_wconf 88' lang='lat'><strong><em>1.</em></strong></span> <span class='ocrx_word' id='word_1_123' title='bbox 709 1401 763 1444; x_wconf 82' lang='lat' dir='ltr'><strong><em>et</em></strong></span> <span class='ocrx_word' id='word_1_124' title='bbox 785 1394 1010 1444; x_wconf 79' lang='lat' dir='ltr'><strong><em>Gaertn.</em></strong></span> <span class='ocrx_word' id='word_1_125' title='bbox 1047 1395 1228 1444; x_wconf 85' lang='lat' dir='ltr'><strong><em>ultima</em></strong></span> <span class='ocrx_word' id='word_1_126' title='bbox 1262 1395 1414 1445; x_wconf 83' lang='lat' dir='ltr'><strong><em>litera</em></strong></span> <span class='ocrx_word' id='word_1_127' title='bbox 1438 1406 1529 1444; x_wconf 83' lang='lat' dir='ltr'><strong><em>vo·</em></strong></span> 
     </span>
     <span class='ocr_line' id='line_1_21' title="bbox 463 1470 1530 1535; baseline 0.002 -16"><span class='ocrx_word' id='word_1_128' title='bbox 463 1471 540 1519; x_wconf 83' lang='lat' dir='ltr'><strong><em>eis</em></strong></span> <span class='ocrx_word' id='word_1_129' title='bbox 591 1470 942 1534; x_wconf 80' lang='lat' dir='ltr'><strong><em>praecedentis</em></strong></span> <span class='ocrx_word' id='word_1_130' title='bbox 988 1485 1258 1534; x_wconf 85' lang='lat' dir='ltr'><strong><em>perperam</em></strong></span> <span class='ocrx_word' id='word_1_131' title='bbox 1288 1471 1530 1535; x_wconf 72' lang='lat' dir='ltr'><strong><em>‘repetita</em></strong></span> 
     </span>
     <span class='ocr_line' id='line_1_22' title="bbox 464 1545 1528 1610; baseline 0 -15"><span class='ocrx_word' id='word_1_132' title='bbox 464 1546 517 1595; x_wconf 90' lang='lat' dir='ltr'><strong><em>in</em></strong></span> <span class='ocrx_word' id='word_1_133' title='bbox 541 1545 690 1595; x_wconf 81' lang='lat' dir='ltr'><strong><em>initio</em></strong></span> <span class='ocrx_word' id='word_1_134' title='bbox 711 1546 990 1610; x_wconf 76' lang='lat' dir='ltr'><strong><em>sequentis.</em></strong></span> <span class='ocrx_word' id='word_1_135' title='bbox 1056 1546 1190 1596; x_wconf 88' lang='lat' dir='ltr'><strong><em>Vide</em></strong></span> <span class='ocrx_word' id='word_1_136' title='bbox 1214 1546 1278 1594; x_wconf 84' lang='lat' dir='ltr'><strong><em>ad</em></strong></span> <span class='ocrx_word' id='word_1_137' title='bbox 1300 1559 1528 1595; x_wconf 78' lang='lat' dir='ltr'><strong><em>xxxvn.</em></strong></span> 
     </span>
     <span class='ocr_line' id='line_1_23' title="bbox 463 1621 1528 1687; baseline 0 -16"><span class='ocrx_word' id='word_1_138' title='bbox 463 1625 546 1671; x_wconf 92' lang='grc'><strong><em>29.</em></strong></span> <span class='ocrx_word' id='word_1_139' title='bbox 569 1624 597 1686; x_wconf 74' lang='lat'>§</span> <span class='ocrx_word' id='word_1_140' title='bbox 620 1627 669 1672; x_wconf 85' lang='grc'><strong><em>8.</em></strong></span> <span class='ocrx_word' id='word_1_141' title='bbox 746 1622 966 1672; x_wconf 73' lang='lat' dir='ltr'><strong><em>Veientes</em></strong></span> <span class='ocrx_word' id='word_1_142' title='bbox 1003 1621 1273 1687; x_wconf 72' lang='lat' dir='ltr'><strong><em>significari</em></strong></span> <span class='ocrx_word' id='word_1_143' title='bbox 1310 1623 1439 1671; x_wconf 84' lang='lat' dir='ltr'><strong><em>Lov.</em></strong></span> <span class='ocrx_word' id='word_1_144' title='bbox 1478 1628 1528 1671; x_wconf 85' lang='grc'><strong><em>2.</em></strong></span> 
     </span>
     <span class='ocr_line' id='line_1_24' title="bbox 463 1697 1530 1763; baseline 0.001 -15"><span class='ocrx_word' id='word_1_145' title='bbox 463 1699 596 1748; x_wconf 83' lang='lat' dir='ltr'><strong><em>Tum</em></strong></span> <span class='ocrx_word' id='word_1_146' title='bbox 631 1712 916 1763; x_wconf 83' lang='lat' dir='ltr'><strong><em>pronomen</em></strong></span> <span class='ocrx_word' id='word_1_147' title='bbox 951 1714 1001 1748; x_wconf 83' lang='lat' dir='ltr'><strong><em>se</em></strong></span> <span class='ocrx_word' id='word_1_148' title='bbox 1029 1712 1129 1747; x_wconf 88' lang='lat' dir='ltr'><strong><em>nou</em></strong></span> <span class='ocrx_word' id='word_1_149' title='bbox 1165 1699 1322 1747; x_wconf 89' lang='lat' dir='ltr'><strong><em>estin</em></strong></span> <span class='ocrx_word' id='word_1_150' title='bbox 1345 1697 1530 1761; x_wconf 71' lang='lat' dir='ltr'><strong><em>fragm.</em></strong></span> 
     </span>
     <span class='ocr_line' id='line_1_25' title="bbox 462 1773 1529 1824; baseline 0 0"><span class='ocrx_word' id='word_1_151' title='bbox 462 1773 604 1824; x_wconf 76' lang='lat' dir='ltr'><strong><em>Hav-</em></strong></span> <span class='ocrx_word' id='word_1_152' title='bbox 673 1775 884 1824; x_wconf 79' lang='lat' dir='ltr'><strong><em>Hinc-a</em></strong></span> <span class='ocrx_word' id='word_1_153' title='bbox 919 1775 1018 1824; x_wconf 78' lang='lat' dir='ltr'><strong><em>suis</em></strong></span> <span class='ocrx_word' id='word_1_154' title='bbox 1058 1773 1252 1823; x_wconf 75' lang='lat' dir='ltr'><strong><em>vatibus</em></strong></span> <span class='ocrx_word' id='word_1_155' title='bbox 1287 1775 1435 1823; x_wconf 87' lang='lat' dir='ltr'><strong><em>Voss.</em></strong></span> <span class='ocrx_word' id='word_1_156' title='bbox 1476 1778 1529 1824; x_wconf 90' lang='grc'><strong><em>2.</em></strong></span> 
     </span>
     <span class='ocr_line' id='line_1_26' title="bbox 466 1852 1530 1904; baseline -0.002 -2"><span class='ocrx_word' id='word_1_157' title='bbox 466 1852 615 1903; x_wconf 87' lang='lat' dir='ltr'><strong><em>Leid.</em></strong></span> <span class='ocrx_word' id='word_1_158' title='bbox 656 1857 704 1902; x_wconf 90' lang='lat'><strong><em>1.</em></strong></span> <span class='ocrx_word' id='word_1_159' title='bbox 745 1854 874 1904; x_wconf 69' lang='lat' dir='ltr'><strong><em>LoV.</em></strong></span> <span class='ocrx_word' id='word_1_160' title='bbox 916 1857 960 1902; x_wconf 91' lang='grc'><strong><em>1.</em></strong></span> <span class='ocrx_word' id='word_1_161' title='bbox 990 1856 1039 1903; x_wconf 75' lang='grc'><strong><em>3.</em></strong></span> <span class='ocrx_word' id='word_1_162' title='bbox 1067 1858 1117 1902; x_wconf 92' lang='grc'><strong><em>4.</em></strong></span> <span class='ocrx_word' id='word_1_163' title='bbox 1142 1859 1189 1902; x_wconf 83' lang='grc'><strong><em>6.</em></strong></span> <span class='ocrx_word' id='word_1_164' title='bbox 1223 1852 1443 1901; x_wconf 87' lang='lat' dir='ltr'><strong><em>Gaertu.</em></strong></span> <span class='ocrx_word' id='word_1_165' title='bbox 1474 1859 1530 1900; x_wconf 86' lang='lat' dir='ltr'><strong><em>et</em></strong></span> 
     </span>
     <span class='ocr_line' id='line_1_27' title="bbox 463 1928 1531 1994; baseline -0.001 -15"><span class='ocrx_word' id='word_1_166' title='bbox 463 1930 653 1994; x_wconf 81' lang='lat' dir='ltr'><strong><em>fragm.</em></strong></span> <span class='ocrx_word' id='word_1_167' title='bbox 701 1931 838 1979; x_wconf 81' lang='lat' dir='ltr'><strong><em>Hav.</em></strong></span> <span class='ocrx_word' id='word_1_168' title='bbox 923 1928 1128 1979; x_wconf 81' lang='lat' dir='ltr'><strong><em>Deinde</em></strong></span> <span class='ocrx_word' id='word_1_169' title='bbox 1167 1928 1275 1990; x_wconf 66' lang='lat' dir='ltr'><strong><em>,iam</em></strong></span> <span class='ocrx_word' id='word_1_170' title='bbox 1318 1928 1531 1978; x_wconf 76' lang='lat' dir='ltr'><strong><em>externis</em></strong></span> 
     </span>
     <span class='ocr_line' id='line_1_28' title="bbox 465 2006 1529 2069; baseline -0.002 -14"><span class='ocrx_word' id='word_1_171' title='bbox 465 2007 672 2056; x_wconf 75' lang='lat' dir='ltr'><strong><em>oraculis</em></strong></span> <span class='ocrx_word' id='word_1_172' title='bbox 710 2007 821 2055; x_wconf 82' lang='lat' dir='ltr'><strong><em>sine</em></strong></span> <span class='ocrx_word' id='word_1_173' title='bbox 874 2006 1242 2069; x_wconf 79' lang='lat' dir='ltr'><strong><em>praepositione</em></strong></span> <span class='ocrx_word' id='word_1_174' title='bbox 1267 2006 1435 2055; x_wconf 71' lang='lat' dir='ltr'><strong><em>Leid.</em></strong></span> <span class='ocrx_word' id='word_1_175' title='bbox 1477 2010 1529 2054; x_wconf 88' lang='grc'><strong><em>2.</em></strong></span> 
     </span>
     <span class='ocr_line' id='line_1_29' title="bbox 471 2081 1531 2132; baseline 0 -1"><span class='ocrx_word' id='word_1_176' title='bbox 471 2082 730 2132; x_wconf 69' lang='lat' dir='ltr'><strong><em>Beth-2.</em></strong></span> <span class='ocrx_word' id='word_1_177' title='bbox 754 2084 882 2132; x_wconf 65' lang='grc' dir='ltr'><strong>ιον.</strong></span> <span class='ocrx_word' id='word_1_178' title='bbox 922 2086 971 2131; x_wconf 81' lang='grc'><strong><em>4.</em></strong></span> <span class='ocrx_word' id='word_1_179' title='bbox 1011 2087 1061 2129; x_wconf 83' lang='grc'><strong><em>5.</em></strong></span> <span class='ocrx_word' id='word_1_180' title='bbox 1101 2083 1251 2132; x_wconf 86' lang='lat' dir='ltr'><strong><em>Port.</em></strong></span> <span class='ocrx_word' id='word_1_181' title='bbox 1290 2089 1345 2131; x_wconf 87' lang='lat' dir='ltr'><strong><em>et</em></strong></span> <span class='ocrx_word' id='word_1_182' title='bbox 1390 2081 1531 2131; x_wconf 80' lang='lat' dir='ltr'><strong><em>Hav.</em></strong></span> 
     </span>
     <span class='ocr_line' id='line_1_30' title="bbox 451 2157 1529 2220; baseline 0.001 -14"><span class='ocrx_word' id='word_1_183' title='bbox 451 2158 563 2220; x_wconf 72' lang='lat' dir='ltr'><strong><em>jam</em></strong></span> <span class='ocrx_word' id='word_1_184' title='bbox 594 2157 656 2207; x_wconf 80' lang='lat' dir='ltr'><strong><em>ab</em></strong></span> <span class='ocrx_word' id='word_1_185' title='bbox 693 2158 869 2208; x_wconf 74' lang='lat' dir='ltr'><strong><em>eternis</em></strong></span> <span class='ocrx_word' id='word_1_186' title='bbox 900 2158 1104 2207; x_wconf 69' lang='lat' dir='ltr'><strong><em>oraculis</em></strong></span> <span class='ocrx_word' id='word_1_187' title='bbox 1124 2158 1251 2208; x_wconf 82' lang='lat' dir='ltr'><strong><em>Lov.</em></strong></span> <span class='ocrx_word' id='word_1_188' title='bbox 1276 2162 1324 2208; x_wconf 75' lang='lat'><strong><em>3.</em></strong></span> <span class='ocrx_word' id='word_1_189' title='bbox 1391 2157 1529 2208; x_wconf 83' lang='lat' dir='ltr'><strong><em>Vide</em></strong></span> 
     </span>
     <span class='ocr_line' id='line_1_31' title="bbox 467 2235 1266 2299; baseline -0.004 -14"><span class='ocrx_word' id='word_1_190' title='bbox 467 2235 534 2285; x_wconf 82' lang='lat' dir='ltr'><strong><em>ad</em></strong></span> <span class='ocrx_word' id='word_1_191' title='bbox 558 2246 654 2285; x_wconf 85' lang='lat'><strong><em>111.</em></strong></span> <span class='ocrx_word' id='word_1_192' title='bbox 678 2240 760 2285; x_wconf 76' lang='grc'><strong><em>32.</em></strong></span> <span class='ocrx_word' id='word_1_193' title='bbox 785 2237 814 2299; x_wconf 81' lang='lat'>§</span> <span class='ocrx_word' id='word_1_194' title='bbox 837 2240 886 2283; x_wconf 83' lang='grc'><strong><em>5.</em></strong></span> <span class='ocrx_word' id='word_1_195' title='bbox 910 2250 913 2255; x_wconf 92' lang='grc'><em>·</em></span> <span class='ocrx_word' id='word_1_196' title='bbox 1230 2280 1235 2287; x_wconf 63' lang='lat'><em>„</em></span> <span class='ocrx_word' id='word_1_197' title='bbox 1260 2249 1266 2255; x_wconf 91' lang='lat'>·</span> 
     </span>
     <span class='ocr_line' id='line_1_32' title="bbox 494 2312 1533 2375; baseline -0.001 -14"><span class='ocrx_word' id='word_1_198' title='bbox 494 2325 501 2331; x_wconf 89' lang='lat'><em>·</em></span> <span class='ocrx_word' id='word_1_199' title='bbox 531 2313 648 2361; x_wconf 79' lang='lat' dir='ltr'><strong><em>Jam</em></strong></span> <span class='ocrx_word' id='word_1_200' title='bbox 684 2312 736 2361; x_wconf 82' lang='lat' dir='ltr'><strong><em>in</em></strong></span> <span class='ocrx_word' id='word_1_201' title='bbox 770 2317 957 2375; x_wconf 77' lang='lat' dir='ltr'><strong><em>partem</em></strong></span> <span class='ocrx_word' id='word_1_202' title='bbox 991 2313 1171 2374; x_wconf 79' lang='lat' dir='ltr'><strong><em>proedoe</em></strong></span> <span class='ocrx_word' id='word_1_203' title='bbox 1206 2325 1307 2360; x_wconf 77' lang='lat' dir='ltr'><strong><em>suoe</em></strong></span> <span class='ocrx_word' id='word_1_204' title='bbox 1343 2317 1533 2361; x_wconf 75' lang='lat' dir='ltr'><strong><em>vocatos</em></strong></span> 
     </span>
    </p>
   </div>
   <div class='ocr_carea' id='block_1_7' title="bbox 369 2386 1529 2452">
    <p class='ocr_par' dir='ltr' id='par_1_7' title="bbox 369 2386 1529 2452">
     <span class='ocr_line' id='line_1_33' title="bbox 369 2386 1529 2452; baseline 0.001 -15"><span class='ocrx_word' id='word_1_205' title='bbox 369 2401 380 2409; x_wconf 66' lang='lat'><em>⁶</em></span> <span class='ocrx_word' id='word_1_206' title='bbox 466 2388 623 2452; x_wconf 85' lang='lat' dir='ltr'><strong><em>Deos]</em></strong></span> <span class='ocrx_word' id='word_1_207' title='bbox 654 2387 734 2437; x_wconf 69' lang='lat' dir='ltr'><strong><em>›1·d</em></strong></span> <span class='ocrx_word' id='word_1_208' title='bbox 780 2395 880 2446; x_wconf 81' lang='lat' dir='ltr'><strong><em>est,</em></strong></span> <span class='ocrx_word' id='word_1_209' title='bbox 920 2397 1123 2452; x_wconf 82' lang='lat' dir='ltr'><strong><em>partem</em></strong></span> <span class='ocrx_word' id='word_1_210' title='bbox 1171 2386 1366 2452; x_wconf 76' lang='lat' dir='ltr'><strong><em>proedae</em></strong></span> <span class='ocrx_word' id='word_1_211' title='bbox 1406 2389 1529 2439; x_wconf 84' lang='lat' dir='ltr'><strong><em>Diis</em></strong></span> 
     </span>
    </p>
   </div>
   <div class='ocr_carea' id='block_1_8' title="bbox 456 2468 1538 4362">
    <p class='ocr_par' dir='ltr' id='par_1_8' title="bbox 456 2468 1536 4129">
     <span class='ocr_line' id='line_1_34' title="bbox 468 2468 1528 2530; baseline 0 -15"><span class='ocrx_word' id='word_1_212' title='bbox 468 2474 662 2530; x_wconf 84' lang='lat' dir='ltr'><strong><em>votam,</em></strong></span> <span class='ocrx_word' id='word_1_213' title='bbox 677 2468 976 2529; x_wconf 84' lang='lat' dir='ltr'><strong><em>promissam</em></strong></span> <span class='ocrx_word' id='word_1_214' title='bbox 997 2480 1109 2516; x_wconf 86' lang='lat' dir='ltr'><strong><em>esse</em></strong></span> <span class='ocrx_word' id='word_1_215' title='bbox 1127 2482 1142 2528; x_wconf 89' lang='lat'>;</span> <span class='ocrx_word' id='word_1_216' title='bbox 1167 2474 1376 2517; x_wconf 76' lang='lat' dir='ltr'><strong><em>vocatos</em></strong></span> <span class='ocrx_word' id='word_1_217' title='bbox 1394 2481 1528 2523; x_wconf 88' lang='lat' dir='ltr'><strong><em>esse,</em></strong></span> 
     </span>
     <span class='ocr_line' id='line_1_35' title="bbox 468 2543 1531 2608; baseline 0.003 -17"><span class='ocrx_word' id='word_1_218' title='bbox 468 2550 529 2592; x_wconf 89' lang='lat' dir='ltr'><strong><em>ut</em></strong></span> <span class='ocrx_word' id='word_1_219' title='bbox 565 2549 768 2605; x_wconf 85' lang='lat' dir='ltr'><strong><em>partem</em></strong></span> <span class='ocrx_word' id='word_1_220' title='bbox 804 2543 996 2606; x_wconf 77' lang='lat' dir='ltr'><strong><em>praedae</em></strong></span> <span class='ocrx_word' id='word_1_221' title='bbox 1024 2544 1344 2608; x_wconf 77' lang='lat' dir='ltr'><strong><em>acciperent.</em></strong></span> <span class='ocrx_word' id='word_1_222' title='bbox 1410 2545 1531 2594; x_wconf 88' lang='lat' dir='ltr'><strong><em>Vir·</em></strong></span> 
     </span>
     <span class='ocr_line' id='line_1_36' title="bbox 467 2617 1528 2681; baseline 0.003 -14"><span class='ocrx_word' id='word_1_223' title='bbox 467 2617 561 2681; x_wconf 81' lang='lat' dir='ltr'><strong><em>gil.</em></strong></span> <span class='ocrx_word' id='word_1_224' title='bbox 585 2617 791 2669; x_wconf 85' lang='lat' dir='ltr'><strong><em>AEueid.</em></strong></span> <span class='ocrx_word' id='word_1_225' title='bbox 814 2632 902 2668; x_wconf 87' lang='lat'><strong><em>111.</em></strong></span> <span class='ocrx_word' id='word_1_226' title='bbox 915 2623 1031 2668; x_wconf 91' lang='grc'><strong>222.</strong></span> <span class='ocrx_word' id='word_1_227' title='bbox 1056 2626 1071 2648; x_wconf 89' lang='lat'>‘</span> <span class='ocrx_word' id='word_1_228' title='bbox 1093 2620 1350 2670; x_wconf 80' lang='lat' dir='ltr'><strong><em>Inruimus</em></strong></span> <span class='ocrx_word' id='word_1_229' title='bbox 1369 2618 1528 2678; x_wconf 83' lang='lat' dir='ltr'><strong><em>ferro,</em></strong></span> 
     </span>
     <span class='ocr_line' id='line_1_37' title="bbox 469 2693 1530 2760; baseline 0.003 -18"><span class='ocrx_word' id='word_1_230' title='bbox 469 2699 526 2743; x_wconf 90' lang='lat' dir='ltr'><strong><em>et</em></strong></span> <span class='ocrx_word' id='word_1_231' title='bbox 558 2693 721 2743; x_wconf 81' lang='lat' dir='ltr'><strong>Divos</strong></span> <span class='ocrx_word' id='word_1_232' title='bbox 753 2694 1022 2760; x_wconf 86' lang='lat' dir='ltr'><strong><em>ipsumque</em></strong></span> <span class='ocrx_word' id='word_1_233' title='bbox 1045 2709 1285 2745; x_wconf 79' lang='lat' dir='ltr'><strong><em>vocamus</em></strong></span> <span class='ocrx_word' id='word_1_234' title='bbox 1309 2697 1371 2746; x_wconf 88' lang='lat' dir='ltr'><strong><em>In</em></strong></span> <span class='ocrx_word' id='word_1_235' title='bbox 1397 2711 1530 2759; x_wconf 64' lang='lat' dir='ltr'><strong><em>pra!-</em></strong></span> 
     </span>
     <span class='ocr_line' id='line_1_38' title="bbox 468 2767 1531 2836; baseline 0.006 -20"><span class='ocrx_word' id='word_1_236' title='bbox 468 2767 588 2817; x_wconf 84' lang='lat' dir='ltr'><strong><em>dam</em></strong></span> <span class='ocrx_word' id='word_1_237' title='bbox 626 2777 935 2836; x_wconf 88' lang='lat' dir='ltr'><strong><em>partemque</em></strong></span> <span class='ocrx_word' id='word_1_238' title='bbox 966 2771 1201 2823; x_wconf 76' lang='lat' dir='ltr'><strong><em>Jovemz&#39;</em></strong></span> <span class='ocrx_word' id='word_1_239' title='bbox 1232 2771 1324 2822; x_wconf 86' lang='lat' dir='ltr'><strong><em>ubi</em></strong></span> <span class='ocrx_word' id='word_1_240' title='bbox 1354 2772 1531 2823; x_wconf 84' lang='lat' dir='ltr'><strong><em>Taub-</em></strong></span> 
     </span>
     <span class='ocr_line' id='line_1_39' title="bbox 465 2846 1531 2912; baseline 0.006 -19"><span class='ocrx_word' id='word_1_241' title='bbox 465 2859 638 2895; x_wconf 88' lang='lat' dir='ltr'><strong><em>mann.</em></strong></span> <span class='ocrx_word' id='word_1_242' title='bbox 670 2846 918 2897; x_wconf 80' lang='lat' dir='ltr'><strong><em>observet</em></strong></span> <span class='ocrx_word' id='word_1_243' title='bbox 941 2848 957 2876; x_wconf 94' lang='lat'>‘</span> <span class='ocrx_word' id='word_1_244' title='bbox 980 2849 1034 2897; x_wconf 90' lang='lat' dir='ltr'><strong><em>in</em></strong></span> <span class='ocrx_word' id='word_1_245' title='bbox 1070 2855 1272 2912; x_wconf 85' lang='lat' dir='ltr'><strong><em>partem</em></strong></span> <span class='ocrx_word' id='word_1_246' title='bbox 1308 2848 1531 2899; x_wconf 84' lang='lat' dir='ltr'><strong><em>voeare’</em></strong></span> 
     </span>
     <span class='ocr_line' id='line_1_40' title="bbox 467 2920 1527 2987; baseline 0.005 -17"><span class='ocrx_word' id='word_1_247' title='bbox 467 2920 781 2972; x_wconf 86' lang='lat' dir='ltr'><strong><em>locutionem</em></strong></span> <span class='ocrx_word' id='word_1_248' title='bbox 818 2937 934 2973; x_wconf 86' lang='lat' dir='ltr'><strong><em>esse</em></strong></span> <span class='ocrx_word' id='word_1_249' title='bbox 970 2938 1038 2972; x_wconf 84' lang='lat' dir='ltr'><strong><em>ex</em></strong></span> <span class='ocrx_word' id='word_1_250' title='bbox 1061 2923 1184 2987; x_wconf 88' lang='lat' dir='ltr'><strong><em>jure</em></strong></span> <span class='ocrx_word' id='word_1_251' title='bbox 1216 2924 1527 2986; x_wconf 69' lang='lat' dir='ltr'><strong><em>desumunt,</em></strong></span> 
     </span>
     <span class='ocr_line' id='line_1_41' title="bbox 467 2998 1530 3066; baseline 0.007 -21"><span class='ocrx_word' id='word_1_252' title='bbox 467 3009 530 3045; x_wconf 81' lang='lat' dir='ltr'><strong><em>ae</em></strong></span> <span class='ocrx_word' id='word_1_253' title='bbox 554 2998 678 3061; x_wconf 90' lang='lat' dir='ltr'><strong><em>poni</em></strong></span> <span class='ocrx_word' id='word_1_254' title='bbox 698 3013 794 3063; x_wconf 91' lang='lat' dir='ltr'><strong><em>pro</em></strong></span> <span class='ocrx_word' id='word_1_255' title='bbox 817 3000 1127 3064; x_wconf 77' lang='lat' dir='ltr'><strong><em>participem</em></strong></span> <span class='ocrx_word' id='word_1_256' title='bbox 1151 3000 1357 3052; x_wconf 71' lang='lat' dir='ltr'><strong><em>faceret</em></strong></span> <span class='ocrx_word' id='word_1_257' title='bbox 1389 3004 1530 3066; x_wconf 88' lang='lat' dir='ltr'><strong><em>quod</em></strong></span> 
     </span>
     <span class='ocr_line' id='line_1_42' title="bbox 464 3072 1531 3143; baseline 0.006 -20"><span class='ocrx_word' id='word_1_258' title='bbox 464 3072 709 3124; x_wconf 85' lang='lat' dir='ltr'><strong><em>inlustrat</em></strong></span> <span class='ocrx_word' id='word_1_259' title='bbox 744 3077 859 3126; x_wconf 88' lang='lat' dir='ltr'><strong><em>loeo</em></strong></span> <span class='ocrx_word' id='word_1_260' title='bbox 887 3078 998 3126; x_wconf 86' lang='lat' dir='ltr'><strong><em>Cic.</em></strong></span> <span class='ocrx_word' id='word_1_261' title='bbox 1031 3092 1095 3127; x_wconf 85' lang='lat' dir='ltr'><strong><em>ex</em></strong></span> <span class='ocrx_word' id='word_1_262' title='bbox 1121 3078 1275 3130; x_wconf 85' lang='lat' dir='ltr'><strong><em>Orat.</em></strong></span> <span class='ocrx_word' id='word_1_263' title='bbox 1298 3093 1393 3143; x_wconf 92' lang='lat' dir='ltr'><strong><em>pro</em></strong></span> <span class='ocrx_word' id='word_1_264' title='bbox 1418 3079 1531 3129; x_wconf 78' lang='lat' dir='ltr'><strong><em>Cae-</em></strong></span> 
     </span>
     <span class='ocr_line' id='line_1_43' title="bbox 469 3149 1532 3217; baseline 0.005 -18"><span class='ocrx_word' id='word_1_265' title='bbox 469 3149 575 3199; x_wconf 83' lang='lat' dir='ltr'><strong><em>cin.</em></strong></span> <span class='ocrx_word' id='word_1_266' title='bbox 595 3154 709 3203; x_wconf 77' lang='lat' dir='ltr'><strong><em>e.4.</em></strong></span> <span class='ocrx_word' id='word_1_267' title='bbox 741 3151 757 3179; x_wconf 93' lang='lat'>‘</span> <span class='ocrx_word' id='word_1_268' title='bbox 777 3153 941 3202; x_wconf 83' lang='lat' dir='ltr'><strong><em>Uxori</em></strong></span> <span class='ocrx_word' id='word_1_269' title='bbox 979 3154 1179 3217; x_wconf 82' lang='lat' dir='ltr'><strong><em>grande</em></strong></span> <span class='ocrx_word' id='word_1_270' title='bbox 1214 3155 1416 3217; x_wconf 88' lang='lat' dir='ltr'><strong><em>pondus</em></strong></span> <span class='ocrx_word' id='word_1_271' title='bbox 1451 3170 1532 3204; x_wconf 81' lang='lat' dir='ltr'><strong><em>ar-</em></strong></span> 
     </span>
     <span class='ocr_line' id='line_1_44' title="bbox 467 3226 1532 3292; baseline 0.005 -17"><span class='ocrx_word' id='word_1_272' title='bbox 467 3226 631 3289; x_wconf 79' lang='lat' dir='ltr'><strong><em>genti,</em></strong></span> <span class='ocrx_word' id='word_1_273' title='bbox 651 3227 908 3291; x_wconf 82' lang='lat' dir='ltr'><strong><em>matrique</em></strong></span> <span class='ocrx_word' id='word_1_274' title='bbox 928 3236 1131 3292; x_wconf 82' lang='lat' dir='ltr'><strong><em>partem</em></strong></span> <span class='ocrx_word' id='word_1_275' title='bbox 1154 3229 1399 3280; x_wconf 87' lang='lat' dir='ltr'><strong><em>bonorum</em></strong></span> <span class='ocrx_word' id='word_1_276' title='bbox 1425 3245 1532 3280; x_wconf 82' lang='lat' dir='ltr'><strong><em>ma-</em></strong></span> 
     </span>
     <span class='ocr_line' id='line_1_45' title="bbox 456 3302 1529 3374; baseline 0.007 -24"><span class='ocrx_word' id='word_1_277' title='bbox 456 3302 631 3365; x_wconf 73' lang='lat' dir='ltr'><strong><em>J‘orem</em></strong></span> <span class='ocrx_word' id='word_1_278' title='bbox 666 3303 899 3366; x_wconf 70' lang='lat' dir='ltr'><strong><em>legavit.</em></strong></span> <span class='ocrx_word' id='word_1_279' title='bbox 974 3304 1164 3368; x_wconf 86' lang='lat' dir='ltr'><strong><em>Itaque</em></strong></span> <span class='ocrx_word' id='word_1_280' title='bbox 1219 3306 1273 3355; x_wconf 90' lang='lat' dir='ltr'><strong><em>in</em></strong></span> <span class='ocrx_word' id='word_1_281' title='bbox 1324 3314 1529 3374; x_wconf 84' lang='lat' dir='ltr'><strong><em>partem</em></strong></span> 
     </span>
     <span class='ocr_line' id='line_1_46' title="bbox 469 3378 1533 3447; baseline 0.008 -21"><span class='ocrx_word' id='word_1_282' title='bbox 469 3378 733 3428; x_wconf 68' lang='lat' dir='ltr'><strong><em>mulieres:</em></strong></span> <span class='ocrx_word' id='word_1_283' title='bbox 753 3387 952 3430; x_wconf 79' lang='lat' dir='ltr'><strong><em>vocatoe</em></strong></span> <span class='ocrx_word' id='word_1_284' title='bbox 995 3380 1162 3430; x_wconf 88' lang='lat' dir='ltr'><strong><em>sunt.’</em></strong></span> <span class='ocrx_word' id='word_1_285' title='bbox 1230 3381 1385 3433; x_wconf 85' lang='lat' dir='ltr'><strong><em>Adde</em></strong></span> <span class='ocrx_word' id='word_1_286' title='bbox 1427 3384 1533 3447; x_wconf 78' lang='lat' dir='ltr'><strong><em>leg.</em></strong></span> 
     </span>
     <span class='ocr_line' id='line_1_47' title="bbox 470 3452 1532 3519; baseline 0.006 -16"><span class='ocrx_word' id='word_1_287' title='bbox 470 3457 549 3504; x_wconf 85' lang='grc'><strong><em>17.</em></strong></span> <span class='ocrx_word' id='word_1_288' title='bbox 572 3457 601 3519; x_wconf 82' lang='lat'>§</span> <span class='ocrx_word' id='word_1_289' title='bbox 640 3459 722 3506; x_wconf 81' lang='grc'><strong><em>14.</em></strong></span> <span class='ocrx_word' id='word_1_290' title='bbox 745 3452 802 3503; x_wconf 87' lang='lat' dir='ltr'><strong><em>ff.</em></strong></span> <span class='ocrx_word' id='word_1_291' title='bbox 837 3453 903 3504; x_wconf 90' lang='lat' dir='ltr'><strong><em>ad</em></strong></span> <span class='ocrx_word' id='word_1_292' title='bbox 926 3455 1028 3505; x_wconf 84' lang='lat' dir='ltr'><strong><em>SC.</em></strong></span> <span class='ocrx_word' id='word_1_293' title='bbox 1048 3457 1263 3507; x_wconf 85' lang='lat' dir='ltr'><strong><em>Tertull.</em></strong></span> <span class='ocrx_word' id='word_1_294' title='bbox 1298 3457 1314 3485; x_wconf 94' lang='lat'>‘</span> <span class='ocrx_word' id='word_1_295' title='bbox 1333 3458 1386 3508; x_wconf 89' lang='lat' dir='ltr'><strong><em>Si</em></strong></span> <span class='ocrx_word' id='word_1_296' title='bbox 1412 3473 1532 3509; x_wconf 76' lang='lat' dir='ltr'><strong><em>non</em></strong></span> 
     </span>
     <span class='ocr_line' id='line_1_48' title="bbox 470 3529 1533 3599; baseline 0.006 -20"><span class='ocrx_word' id='word_1_297' title='bbox 470 3530 541 3580; x_wconf 84' lang='lat' dir='ltr'><strong><em>sit</em></strong></span> <span class='ocrx_word' id='word_1_298' title='bbox 583 3532 685 3581; x_wconf 80' lang='lat' dir='ltr'><strong><em>iste</em></strong></span> <span class='ocrx_word' id='word_1_299' title='bbox 727 3529 862 3581; x_wconf 85' lang='lat' dir='ltr'><strong><em>filius</em></strong></span> <span class='ocrx_word' id='word_1_300' title='bbox 903 3532 1168 3595; x_wconf 84' lang='lat' dir='ltr'><strong><em>legitimus</em></strong></span> <span class='ocrx_word' id='word_1_301' title='bbox 1207 3534 1391 3599; x_wconf 84' lang='lat' dir='ltr'><strong><em>haeres,</em></strong></span> <span class='ocrx_word' id='word_1_302' title='bbox 1437 3536 1533 3585; x_wconf 86' lang='lat' dir='ltr'><strong><em>sed</em></strong></span> 
     </span>
     <span class='ocr_line' id='line_1_49' title="bbox 469 3607 1534 3676; baseline 0.008 -21"><span class='ocrx_word' id='word_1_303' title='bbox 469 3607 576 3657; x_wconf 83' lang='lat' dir='ltr'><strong><em>siut</em></strong></span> <span class='ocrx_word' id='word_1_304' title='bbox 601 3608 690 3673; x_wconf 85' lang='lat' dir='ltr'><strong><em>qui</em></strong></span> <span class='ocrx_word' id='word_1_305' title='bbox 727 3622 843 3657; x_wconf 88' lang='lat' dir='ltr'><strong><em>cum</em></strong></span> <span class='ocrx_word' id='word_1_306' title='bbox 877 3623 940 3658; x_wconf 85' lang='lat' dir='ltr'><strong><em>eo</em></strong></span> <span class='ocrx_word' id='word_1_307' title='bbox 969 3609 1331 3676; x_wconf 86' lang='lat' dir='ltr'><strong><em>admittantur,</em></strong></span> <span class='ocrx_word' id='word_1_308' title='bbox 1353 3628 1453 3663; x_wconf 86' lang='lat' dir='ltr'><strong><em>nee</em></strong></span> <span class='ocrx_word' id='word_1_309' title='bbox 1480 3614 1534 3663; x_wconf 90' lang='lat' dir='ltr'><strong><em>in</em></strong></span> 
     </span>
     <span class='ocr_line' id='line_1_50' title="bbox 468 3690 1535 3746; baseline 0.008 -15"><span class='ocrx_word' id='word_1_310' title='bbox 468 3690 669 3746; x_wconf 88' lang='lat' dir='ltr'><strong><em>partem</em></strong></span> <span class='ocrx_word' id='word_1_311' title='bbox 705 3699 882 3735; x_wconf 87' lang='lat' dir='ltr'><strong><em>eorum</em></strong></span> <span class='ocrx_word' id='word_1_312' title='bbox 916 3692 1084 3736; x_wconf 81' lang='lat' dir='ltr'><strong><em>mater</em></strong></span> <span class='ocrx_word' id='word_1_313' title='bbox 1114 3702 1179 3737; x_wconf 85' lang='lat' dir='ltr'><strong><em>ex</em></strong></span> <span class='ocrx_word' id='word_1_314' title='bbox 1202 3697 1535 3739; x_wconf 85' lang='lat' dir='ltr'><strong><em>senatuscon-</em></strong></span> 
     </span>
     <span class='ocr_line' id='line_1_51' title="bbox 472 3760 1533 3816; baseline 0.008 -9"><span class='ocrx_word' id='word_1_315' title='bbox 472 3760 610 3810; x_wconf 87' lang='lat' dir='ltr'><strong><em>sulto</em></strong></span> <span class='ocrx_word' id='word_1_316' title='bbox 640 3762 743 3812; x_wconf 86' lang='lat' dir='ltr'><strong><em>erit</em></strong></span> <span class='ocrx_word' id='word_1_317' title='bbox 766 3762 1033 3813; x_wconf 60' lang='lat' dir='ltr'><strong><em>vocanda?</em></strong></span> <span class='ocrx_word' id='word_1_318' title='bbox 1099 3765 1429 3816; x_wconf 45' lang='lat' dir='ltr'><strong><em>Vide‘etiam</em></strong></span> <span class='ocrx_word' id='word_1_319' title='bbox 1466 3766 1533 3815; x_wconf 81' lang='lat' dir='ltr'><strong><em>ad</em></strong></span> 
     </span>
     <span class='ocr_line' id='line_1_52' title="bbox 473 3839 1536 3905; baseline 0.008 -22"><span class='ocrx_word' id='word_1_320' title='bbox 473 3849 579 3884; x_wconf 84' lang='lat' dir='ltr'><strong><em>vu.</em></strong></span> <span class='ocrx_word' id='word_1_321' title='bbox 611 3839 758 3901; x_wconf 75' lang='lat'><strong>22..§</strong></span> <span class='ocrx_word' id='word_1_322' title='bbox 790 3842 840 3888; x_wconf 87' lang='grc'><strong><em>9.</em></strong></span> <span class='ocrx_word' id='word_1_323' title='bbox 908 3839 1225 3905; x_wconf 84' lang='lat' dir='ltr'><strong><em>Praepositio</em></strong></span> <span class='ocrx_word' id='word_1_324' title='bbox 1258 3844 1312 3891; x_wconf 84' lang='lat' dir='ltr'><strong><em>in</em></strong></span> <span class='ocrx_word' id='word_1_325' title='bbox 1354 3842 1536 3893; x_wconf 81' lang='lat' dir='ltr'><strong><em>deficit</em></strong></span> 
     </span>
     <span class='ocr_line' id='line_1_53' title="bbox 472 3911 1535 3983; baseline 0.008 -23"><span class='ocrx_word' id='word_1_326' title='bbox 472 3911 528 3960; x_wconf 88' lang='lat' dir='ltr'><strong><em>in</em></strong></span> <span class='ocrx_word' id='word_1_327' title='bbox 552 3911 701 3961; x_wconf 90' lang='lat' dir='ltr'><strong><em>Leid.</em></strong></span> <span class='ocrx_word' id='word_1_328' title='bbox 723 3918 771 3962; x_wconf 84' lang='lat'><strong><em>2.</em></strong></span> <span class='ocrx_word' id='word_1_329' title='bbox 805 3915 895 3963; x_wconf 83' lang='lat' dir='ltr'><strong><em>sed</em></strong></span> <span class='ocrx_word' id='word_1_330' title='bbox 923 3930 1033 3965; x_wconf 87' lang='lat' dir='ltr'><strong><em>eam</em></strong></span> <span class='ocrx_word' id='word_1_331' title='bbox 1068 3918 1333 3983; x_wconf 74' lang='lat' dir='ltr'><strong><em>absorpsit</em></strong></span> <span class='ocrx_word' id='word_1_332' title='bbox 1356 3920 1535 3968; x_wconf 84' lang='lat' dir='ltr'><strong><em>ultima</em></strong></span> 
     </span>
     <span class='ocr_line' id='line_1_54' title="bbox 469 3986 1534 4053; baseline 0.012 -19"><span class='ocrx_word' id='word_1_333' title='bbox 469 3986 626 4036; x_wconf 85' lang='lat' dir='ltr'><strong><em>litera</em></strong></span> <span class='ocrx_word' id='word_1_334' title='bbox 649 3990 788 4039; x_wconf 77' lang='lat' dir='ltr'><strong><em>vocis</em></strong></span> <span class='ocrx_word' id='word_1_335' title='bbox 815 3992 1041 4053; x_wconf 78' lang='lat' dir='ltr'><strong><em>praeced.</em></strong></span> <span class='ocrx_word' id='word_1_336' title='bbox 1110 3996 1245 4046; x_wconf 88' lang='lat' dir='ltr'><strong><em>Vide</em></strong></span> <span class='ocrx_word' id='word_1_337' title='bbox 1267 3996 1334 4046; x_wconf 89' lang='lat' dir='ltr'><strong><em>ad</em></strong></span> <span class='ocrx_word' id='word_1_338' title='bbox 1369 4009 1426 4047; x_wconf 88' lang='lat' dir='ltr'><strong><em>x.</em></strong></span> <span class='ocrx_word' id='word_1_339' title='bbox 1452 4001 1534 4048; x_wconf 71' lang='lat'><strong><em>13.</em></strong></span> 
     </span>
     <span class='ocr_line' id='line_1_55' title="bbox 473 4064 1536 4129; baseline 0.012 -19"><span class='ocrx_word' id='word_1_340' title='bbox 473 4064 502 4126; x_wconf 83' lang='lat'>§</span> <span class='ocrx_word' id='word_1_341' title='bbox 527 4066 574 4111; x_wconf 77' lang='grc'><strong><em>3.</em></strong></span> <span class='ocrx_word' id='word_1_342' title='bbox 608 4064 662 4111; x_wconf 82' lang='lat' dir='ltr'><strong><em>in</em></strong></span> <span class='ocrx_word' id='word_1_343' title='bbox 679 4071 818 4126; x_wconf 76' lang='lat' dir='ltr'><strong><em>parte</em></strong></span> <span class='ocrx_word' id='word_1_344' title='bbox 836 4069 1010 4129; x_wconf 77' lang='lat' dir='ltr'><strong><em>proedoe</em></strong></span> <span class='ocrx_word' id='word_1_345' title='bbox 1035 4083 1135 4119; x_wconf 77' lang='lat' dir='ltr'><strong><em>suoe</em></strong></span> <span class='ocrx_word' id='word_1_346' title='bbox 1155 4072 1314 4122; x_wconf 84' lang='lat' dir='ltr'><strong><em>habet</em></strong></span> <span class='ocrx_word' id='word_1_347' title='bbox 1338 4073 1467 4122; x_wconf 64' lang='grc' dir='ltr'><strong>[ον.</strong></span> <span class='ocrx_word' id='word_1_348' title='bbox 1486 4077 1536 4123; x_wconf 92' lang='grc'><strong><em>4.</em></strong></span> 
     </span>
    </p>

    <p class='ocr_par' dir='ltr' id='par_1_9' title="bbox 476 4137 1538 4362">
     <span class='ocr_line' id='line_1_56' title="bbox 539 4137 1538 4212; baseline 0.015 -27"><span class='ocrx_word' id='word_1_349' title='bbox 539 4137 677 4187; x_wconf 78' lang='lat' dir='ltr'><strong><em>Alios</em></strong></span> <span class='ocrx_word' id='word_1_350' title='bbox 698 4142 821 4189; x_wconf 73' lang='lat' dir='ltr'><strong><em>votis</em></strong></span> <span class='ocrx_word' id='word_1_351' title='bbox 835 4158 896 4191; x_wconf 82' lang='lat' dir='ltr'><strong><em>ex</em></strong></span> <span class='ocrx_word' id='word_1_352' title='bbox 910 4143 1023 4194; x_wconf 78' lang='lat' dir='ltr'><strong><em>urbe</em></strong></span> <span class='ocrx_word' id='word_1_353' title='bbox 1039 4160 1125 4196; x_wconf 81' lang='lat' dir='ltr'><strong><em>sua</em></strong></span> <span class='ocrx_word' id='word_1_354' title='bbox 1143 4148 1376 4212; x_wconf 79' lang='lat' dir='ltr'><strong><em>evocatos]</em></strong></span> <span class='ocrx_word' id='word_1_355' title='bbox 1396 4149 1538 4198; x_wconf 75' lang='lat' dir='ltr'><strong><em>Alios</em></strong></span> 
     </span>
     <span class='ocr_line' id='line_1_57' title="bbox 477 4217 1536 4276; baseline 0.013 -14"><span class='ocrx_word' id='word_1_356' title='bbox 477 4217 618 4265; x_wconf 75' lang='lat' dir='ltr'><strong><em>tectis</em></strong></span> <span class='ocrx_word' id='word_1_357' title='bbox 637 4231 698 4268; x_wconf 79' lang='lat' dir='ltr'><strong><em>ex</em></strong></span> <span class='ocrx_word' id='word_1_358' title='bbox 719 4218 849 4267; x_wconf 76' lang='lat' dir='ltr'><strong><em>urbis</em></strong></span> <span class='ocrx_word' id='word_1_359' title='bbox 867 4234 967 4269; x_wconf 76' lang='lat' dir='ltr'><strong><em>suoe</em></strong></span> <span class='ocrx_word' id='word_1_360' title='bbox 987 4229 1177 4274; x_wconf 82' lang='lat' dir='ltr'><strong><em>vocatos</em></strong></span> <span class='ocrx_word' id='word_1_361' title='bbox 1193 4225 1316 4276; x_wconf 82' lang='lat' dir='ltr'><strong><em>Lov.</em></strong></span> <span class='ocrx_word' id='word_1_362' title='bbox 1330 4230 1381 4275; x_wconf 88' lang='grc'><strong>2.</strong></span> <span class='ocrx_word' id='word_1_363' title='bbox 1414 4226 1536 4275; x_wconf 82' lang='lat' dir='ltr'><strong><em>alios</em></strong></span> 
     </span>
     <span class='ocr_line' id='line_1_58' title="bbox 476 4293 1537 4362; baseline 0.01 -22"><span class='ocrx_word' id='word_1_364' title='bbox 476 4303 540 4340; x_wconf 76' lang='lat' dir='ltr'><strong><em>ex</em></strong></span> <span class='ocrx_word' id='word_1_365' title='bbox 561 4293 699 4345; x_wconf 78' lang='lat' dir='ltr'><strong><em>tectis</em></strong></span> <span class='ocrx_word' id='word_1_366' title='bbox 720 4294 854 4360; x_wconf 71' lang='lat' dir='ltr'><strong><em>urbis</em></strong></span> <span class='ocrx_word' id='word_1_367' title='bbox 875 4311 970 4346; x_wconf 73' lang='lat' dir='ltr'><strong><em>suae</em></strong></span> <span class='ocrx_word' id='word_1_368' title='bbox 992 4305 1180 4362; x_wconf 68' lang='lat' dir='ltr'><strong><em>vocatos</em></strong></span> <span class='ocrx_word' id='word_1_369' title='bbox 1195 4302 1322 4353; x_wconf 78' lang='lat' dir='ltr'><strong><em>Lov.</em></strong></span> <span class='ocrx_word' id='word_1_370' title='bbox 1338 4305 1390 4352; x_wconf 80' lang='lat'><strong><em>4.</em></strong></span> <span class='ocrx_word' id='word_1_371' title='bbox 1415 4301 1537 4353; x_wconf 81' lang='lat' dir='ltr'><strong><em>alios</em></strong></span> 
     </span>
    </p>
   </div>
   <div class='ocr_carea' id='block_1_9' title="bbox 1600 1070 2677 2141">
    <p class='ocr_par' dir='ltr' id='par_1_10' title="bbox 1600 1070 2675 1529">
     <span class='ocr_line' id='line_1_59' title="bbox 1602 1070 2675 1132; baseline -0.004 -1"><span class='ocrx_word' id='word_1_372' title='bbox 1602 1070 1720 1131; x_wconf 71' lang='lat' dir='ltr'><strong><em>loe&#39;s</em></strong></span> <span class='ocrx_word' id='word_1_373' title='bbox 1743 1088 2012 1132; x_wconf 87' lang='lat' dir='ltr'><strong><em>anctorum</em></strong></span> <span class='ocrx_word' id='word_1_374' title='bbox 2041 1096 2071 1130; x_wconf 84' lang='lat' dir='ltr'><strong><em>a</em></strong></span> <span class='ocrx_word' id='word_1_375' title='bbox 2094 1080 2320 1131; x_wconf 87' lang='lat' dir='ltr'><strong><em>Klockio</em></strong></span> <span class='ocrx_word' id='word_1_376' title='bbox 2353 1079 2561 1129; x_wconf 75' lang='lat' dir='ltr'><strong><em>laudata</em></strong></span> <span class='ocrx_word' id='word_1_377' title='bbox 2599 1078 2675 1128; x_wconf 79' lang='lat' dir='ltr'><strong><em>ad</em></strong></span> 
     </span>
     <span class='ocr_line' id='line_1_60' title="bbox 1604 1155 2675 1222; baseline -0.004 -15"><span class='ocrx_word' id='word_1_378' title='bbox 1604 1160 1631 1222; x_wconf 63' lang='grc' dir='ltr'><strong>ς</strong></span> <span class='ocrx_word' id='word_1_379' title='bbox 1657 1163 1704 1207; x_wconf 77' lang='lat'><strong><em>3.</em></strong></span> <span class='ocrx_word' id='word_1_380' title='bbox 1770 1159 2017 1208; x_wconf 86' lang='lat' dir='ltr'><strong><em>Ceterum</em></strong></span> <span class='ocrx_word' id='word_1_381' title='bbox 2042 1170 2198 1206; x_wconf 85' lang='lat' dir='ltr'><strong><em>voces</em></strong></span> <span class='ocrx_word' id='word_1_382' title='bbox 2225 1157 2376 1216; x_wconf 84' lang='lat' dir='ltr'><strong><em>Deos,</em></strong></span> <span class='ocrx_word' id='word_1_383' title='bbox 2395 1155 2515 1204; x_wconf 80' lang='lat' dir='ltr'><strong><em>alios</em></strong></span> <span class='ocrx_word' id='word_1_384' title='bbox 2542 1155 2675 1204; x_wconf 70' lang='lat' dir='ltr'><strong><em>votis</em></strong></span> 
     </span>
     <span class='ocr_line' id='line_1_61' title="bbox 1601 1230 2670 1286; baseline -0.006 -2"><span class='ocrx_word' id='word_1_385' title='bbox 1601 1250 1664 1284; x_wconf 77' lang='lat' dir='ltr'><strong><em>ex</em></strong></span> <span class='ocrx_word' id='word_1_386' title='bbox 1684 1236 1797 1286; x_wconf 74' lang='lat' dir='ltr'><strong><em>urbe</em></strong></span> <span class='ocrx_word' id='word_1_387' title='bbox 1827 1251 1915 1285; x_wconf 76' lang='lat' dir='ltr'><strong><em>sua</em></strong></span> <span class='ocrx_word' id='word_1_388' title='bbox 1948 1239 2162 1286; x_wconf 78' lang='lat' dir='ltr'><strong><em>evocatos</em></strong></span> <span class='ocrx_word' id='word_1_389' title='bbox 2193 1233 2435 1281; x_wconf 76' lang='lat' dir='ltr'><strong><em>exsulant</em></strong></span> <span class='ocrx_word' id='word_1_390' title='bbox 2453 1246 2485 1278; x_wconf 78' lang='lat' dir='ltr'><strong><em>e</em></strong></span> <span class='ocrx_word' id='word_1_391' title='bbox 2509 1230 2670 1279; x_wconf 84' lang='lat' dir='ltr'><strong><em>Port.</em></strong></span> 
     </span>
     <span class='ocr_line' id='line_1_62' title="bbox 1600 1305 2675 1371; baseline -0.007 -9"><span class='ocrx_word' id='word_1_392' title='bbox 1600 1313 1781 1362; x_wconf 87' lang='lat' dir='ltr'><strong><em>Errori</em></strong></span> <span class='ocrx_word' id='word_1_393' title='bbox 1814 1318 1984 1361; x_wconf 82' lang='lat' dir='ltr'><strong><em>autem</em></strong></span> <span class='ocrx_word' id='word_1_394' title='bbox 2016 1311 2135 1359; x_wconf 82' lang='lat' dir='ltr'><strong><em>huie</em></strong></span> <span class='ocrx_word' id='word_1_395' title='bbox 2167 1322 2402 1360; x_wconf 77' lang='lat' dir='ltr'><strong><em>caussam</em></strong></span> <span class='ocrx_word' id='word_1_396' title='bbox 2439 1305 2675 1371; x_wconf 75' lang='lat' dir='ltr'><strong><em>praebuit</em></strong></span> 
     </span>
     <span class='ocr_line' id='line_1_63' title="bbox 1602 1383 2674 1453; baseline -0.001 -17"><span class='ocrx_word' id='word_1_397' title='bbox 1602 1389 1835 1453; x_wconf 84' lang='lat' dir='ltr'><strong><em>proxime</em></strong></span> <span class='ocrx_word' id='word_1_398' title='bbox 1854 1388 2161 1452; x_wconf 66' lang='lat' dir='ltr'><strong><em>praecedens</em></strong></span> <span class='ocrx_word' id='word_1_399' title='bbox 2177 1401 2277 1436; x_wconf 78' lang='lat' dir='ltr'><strong><em>vox</em></strong></span> <span class='ocrx_word' id='word_1_400' title='bbox 2292 1389 2497 1435; x_wconf 66' lang='lat' dir='ltr'><strong><em>nomios.</em></strong></span> <span class='ocrx_word' id='word_1_401' title='bbox 2527 1383 2674 1435; x_wconf 79' lang='lat' dir='ltr'><strong><em>vide</em></strong></span> 
     </span>
     <span class='ocr_line' id='line_1_64' title="bbox 1604 1465 2550 1529; baseline -0.006 -14"><span class='ocrx_word' id='word_1_402' title='bbox 1604 1465 1668 1515; x_wconf 86' lang='lat' dir='ltr'><strong><em>sd</em></strong></span> <span class='ocrx_word' id='word_1_403' title='bbox 1695 1479 1774 1515; x_wconf 79' lang='lat' dir='ltr'><strong><em>rx.</em></strong></span> <span class='ocrx_word' id='word_1_404' title='bbox 1794 1467 1925 1529; x_wconf 78' lang='lat'><strong><em>11.§</em></strong></span> <span class='ocrx_word' id='word_1_405' title='bbox 1950 1467 2032 1513; x_wconf 88' lang='lat'><strong><em>11.</em></strong></span> <span class='ocrx_word' id='word_1_406' title='bbox 2131 1486 2138 1495; x_wconf 50' lang='lat'>³</span> <span class='ocrx_word' id='word_1_407' title='bbox 2542 1496 2550 1501; x_wconf 84' lang='lat'><em>-</em></span> 
     </span>
    </p>

    <p class='ocr_par' dir='ltr' id='par_1_11' title="bbox 1604 1537 2677 2141">
     <span class='ocr_line' id='line_1_65' title="bbox 1608 1537 2675 1603; baseline -0.007 -11"><span class='ocrx_word' id='word_1_408' title='bbox 1608 1570 1619 1583; x_wconf 83' lang='lat'><strong>·</strong></span> <span class='ocrx_word' id='word_1_409' title='bbox 1668 1542 1898 1592; x_wconf 71' lang='lat' dir='ltr'><strong><em>Hostium</em></strong></span> <span class='ocrx_word' id='word_1_410' title='bbox 1925 1540 2099 1603; x_wconf 75' lang='lat' dir='ltr'><strong><em>templa</em></strong></span> <span class='ocrx_word' id='word_1_411' title='bbox 2125 1552 2365 1600; x_wconf 70' lang='lat' dir='ltr'><strong><em>novasque</em></strong></span> <span class='ocrx_word' id='word_1_412' title='bbox 2383 1537 2675 1600; x_wconf 77' lang='lat' dir='ltr'><strong><em>sedesspec-</em></strong></span> 
     </span>
     <span class='ocr_line' id='line_1_66' title="bbox 1605 1613 2673 1682; baseline -0.005 -13"><span class='ocrx_word' id='word_1_413' title='bbox 1605 1619 1733 1681; x_wconf 79' lang='lat' dir='ltr'><strong><em>tare]</em></strong></span> <span class='ocrx_word' id='word_1_414' title='bbox 1787 1621 2080 1682; x_wconf 67' lang='lat' dir='ltr'><strong><em>Despectam</em></strong></span> <span class='ocrx_word' id='word_1_415' title='bbox 2116 1617 2243 1668; x_wconf 68' lang='grc' dir='ltr'><strong>[ιον.</strong></span> <span class='ocrx_word' id='word_1_416' title='bbox 2282 1620 2333 1664; x_wconf 90' lang='grc'><strong>2.</strong></span> <span class='ocrx_word' id='word_1_417' title='bbox 2377 1622 2433 1663; x_wconf 84' lang='lat' dir='ltr'><strong><em>et</em></strong></span> <span class='ocrx_word' id='word_1_418' title='bbox 2474 1613 2673 1677; x_wconf 79' lang='lat' dir='ltr'><strong><em>fragm.</em></strong></span> 
     </span>
     <span class='ocr_line' id='line_1_67' title="bbox 1604 1689 2676 1757; baseline -0.006 -13"><span class='ocrx_word' id='word_1_419' title='bbox 1604 1695 1742 1745; x_wconf 76' lang='lat' dir='ltr'><strong><em>Har.</em></strong></span> <span class='ocrx_word' id='word_1_420' title='bbox 1777 1699 2048 1757; x_wconf 75' lang='lat' dir='ltr'><strong><em>exspeetare</em></strong></span> <span class='ocrx_word' id='word_1_421' title='bbox 2067 1692 2221 1741; x_wconf 86' lang='lat' dir='ltr'><strong><em>Voss.</em></strong></span> <span class='ocrx_word' id='word_1_422' title='bbox 2252 1699 2490 1754; x_wconf 80' lang='lat' dir='ltr'><strong><em>uterque,</em></strong></span> <span class='ocrx_word' id='word_1_423' title='bbox 2519 1689 2676 1741; x_wconf 84' lang='lat' dir='ltr'><strong><em>Leid.</em></strong></span> 
     </span>
     <span class='ocr_line' id='line_1_68' title="bbox 1604 1764 2676 1819; baseline -0.006 0"><span class='ocrx_word' id='word_1_424' title='bbox 1604 1774 1653 1819; x_wconf 91' lang='grc'><strong><em>2.</em></strong></span> <span class='ocrx_word' id='word_1_425' title='bbox 1693 1770 1821 1819; x_wconf 77' lang='lat' dir='ltr'><strong><em>Lov.</em></strong></span> <span class='ocrx_word' id='word_1_426' title='bbox 1850 1773 1905 1818; x_wconf 86' lang='lat' dir='ltr'><strong><em>-l.</em></strong></span> <span class='ocrx_word' id='word_1_427' title='bbox 1950 1771 2001 1816; x_wconf 78' lang='lat'><strong><em>8.</em></strong></span> <span class='ocrx_word' id='word_1_428' title='bbox 2037 1771 2087 1816; x_wconf 77' lang='grc'><strong><em>4.</em></strong></span> <span class='ocrx_word' id='word_1_429' title='bbox 2130 1771 2180 1815; x_wconf 82' lang='lat'><strong><em>5.</em></strong></span> <span class='ocrx_word' id='word_1_430' title='bbox 2219 1765 2372 1815; x_wconf 78' lang='lat' dir='ltr'><strong><em>Harl.</em></strong></span> <span class='ocrx_word' id='word_1_431' title='bbox 2414 1769 2464 1814; x_wconf 90' lang='grc'><strong><em>2.</em></strong></span> <span class='ocrx_word' id='word_1_432' title='bbox 2513 1764 2676 1815; x_wconf 81' lang='lat' dir='ltr'><strong><em>Por-t.</em></strong></span> 
     </span>
     <span class='ocr_line' id='line_1_69' title="bbox 1606 1840 2673 1895; baseline -0.003 0"><span class='ocrx_word' id='word_1_433' title='bbox 1606 1845 1831 1895; x_wconf 83' lang='lat' dir='ltr'><strong><em>Gaertn.</em></strong></span> <span class='ocrx_word' id='word_1_434' title='bbox 1869 1844 2009 1894; x_wconf 82' lang='lat' dir='ltr'><strong><em>Hav.</em></strong></span> <span class='ocrx_word' id='word_1_435' title='bbox 2042 1849 2100 1893; x_wconf 89' lang='lat' dir='ltr'><strong><em>et</em></strong></span> <span class='ocrx_word' id='word_1_436' title='bbox 2135 1841 2355 1892; x_wconf 82' lang='lat' dir='ltr'><strong><em>Hearnii</em></strong></span> <span class='ocrx_word' id='word_1_437' title='bbox 2390 1841 2565 1890; x_wconf 76' lang='lat' dir='ltr'><strong><em>Oxou.</em></strong></span> <span class='ocrx_word' id='word_1_438' title='bbox 2594 1840 2673 1892; x_wconf 79' lang='lat' dir='ltr'><strong><em>N.</em></strong></span> 
     </span>
     <span class='ocr_line' id='line_1_70' title="bbox 1604 1918 2677 1983; baseline -0.005 -11"><span class='ocrx_word' id='word_1_439' title='bbox 1604 1930 1661 1973; x_wconf 89' lang='lat' dir='ltr'><strong><em>et</em></strong></span> <span class='ocrx_word' id='word_1_440' title='bbox 1696 1923 1757 1974; x_wconf 90' lang='lat' dir='ltr'><strong><em>C.</em></strong></span> <span class='ocrx_word' id='word_1_441' title='bbox 1826 1922 2027 1972; x_wconf 82' lang='lat' dir='ltr'><strong><em>Passim</em></strong></span> <span class='ocrx_word' id='word_1_442' title='bbox 2067 1921 2144 1969; x_wconf 83' lang='lat' dir='ltr'><strong><em>ita</em></strong></span> <span class='ocrx_word' id='word_1_443' title='bbox 2181 1918 2389 1983; x_wconf 77' lang='lat' dir='ltr'><strong><em>peccari</em></strong></span> <span class='ocrx_word' id='word_1_444' title='bbox 2423 1918 2478 1966; x_wconf 83' lang='lat' dir='ltr'><strong><em>in</em></strong></span> <span class='ocrx_word' id='word_1_445' title='bbox 2517 1918 2677 1968; x_wconf 89' lang='lat' dir='ltr'><strong><em>libris</em></strong></span> 
     </span>
     <span class='ocr_line' id='line_1_71' title="bbox 1604 1995 2677 2063; baseline -0.004 -14"><span class='ocrx_word' id='word_1_446' title='bbox 1604 1999 1838 2063; x_wconf 87' lang='lat' dir='ltr'><strong><em>scriptis,</em></strong></span> <span class='ocrx_word' id='word_1_447' title='bbox 1875 1997 2165 2048; x_wconf 78' lang='lat' dir='ltr'><strong><em>videbimus</em></strong></span> <span class='ocrx_word' id='word_1_448' title='bbox 2203 1995 2268 2045; x_wconf 88' lang='lat' dir='ltr'><strong><em>ad</em></strong></span> <span class='ocrx_word' id='word_1_449' title='bbox 2308 2009 2385 2044; x_wconf 81' lang='lat' dir='ltr'><strong><em>vr.</em></strong></span> <span class='ocrx_word' id='word_1_450' title='bbox 2423 1998 2509 2044; x_wconf 72' lang='lat'><strong><em>33.</em></strong></span> <span class='ocrx_word' id='word_1_451' title='bbox 2551 1997 2581 2059; x_wconf 55' lang='grc' dir='ltr'><strong>ᾗ</strong></span> <span class='ocrx_word' id='word_1_452' title='bbox 2607 1999 2677 2045; x_wconf 84' lang='grc'><strong><em>-1.</em></strong></span> 
     </span>
     <span class='ocr_line' id='line_1_72' title="bbox 1605 2072 2675 2141; baseline -0.002 -15"><span class='ocrx_word' id='word_1_453' title='bbox 1605 2077 1693 2126; x_wconf 87' lang='lat' dir='ltr'><strong><em>Et·</em></strong></span> <span class='ocrx_word' id='word_1_454' title='bbox 1717 2076 1924 2141; x_wconf 87' lang='lat' dir='ltr'><strong><em>quidem</em></strong></span> <span class='ocrx_word' id='word_1_455' title='bbox 1963 2079 2173 2138; x_wconf 77' lang='lat' dir='ltr'><strong><em>spectare</em></strong></span> <span class='ocrx_word' id='word_1_456' title='bbox 2204 2073 2293 2123; x_wconf 86' lang='lat' dir='ltr'><strong><em>hie</em></strong></span> <span class='ocrx_word' id='word_1_457' title='bbox 2331 2072 2675 2139; x_wconf 13' lang='lat' dir='ltr'><strong><em>ponitus-‘eo-</em></strong></span> 
     </span>
    </p>
   </div>
   <div class='ocr_carea' id='block_1_10' title="bbox 1491 2149 2677 2294">
    <p class='ocr_par' dir='ltr' id='par_1_12' title="bbox 1491 2149 2677 2294">
     <span class='ocr_line' id='line_1_73' title="bbox 1583 2149 2676 2216; baseline -0.001 -14"><span class='ocrx_word' id='word_1_458' title='bbox 1583 2178 1586 2183; x_wconf 95' lang='lat'>·</span> <span class='ocrx_word' id='word_1_459' title='bbox 1606 2152 1723 2203; x_wconf 90' lang='lat' dir='ltr'><strong><em>dem</em></strong></span> <span class='ocrx_word' id='word_1_460' title='bbox 1754 2167 1930 2215; x_wconf 83' lang='lat' dir='ltr'><strong><em>sensu,</em></strong></span> <span class='ocrx_word' id='word_1_461' title='bbox 1952 2167 2055 2216; x_wconf 88' lang='lat' dir='ltr'><strong><em>quo</em></strong></span> <span class='ocrx_word' id='word_1_462' title='bbox 2078 2163 2157 2200; x_wconf 79' lang='lat' dir='ltr'><strong><em>vr.</em></strong></span> <span class='ocrx_word' id='word_1_463' title='bbox 2174 2153 2258 2200; x_wconf 84' lang='grc'><strong><em>24.</em></strong></span> <span class='ocrx_word' id='word_1_464' title='bbox 2279 2150 2294 2177; x_wconf 93' lang='lat'>‘</span> <span class='ocrx_word' id='word_1_465' title='bbox 2310 2149 2449 2202; x_wconf 80' lang='lat' dir='ltr'><strong><em>Quid</em></strong></span> <span class='ocrx_word' id='word_1_466' title='bbox 2476 2150 2676 2201; x_wconf 79' lang='lat' dir='ltr'><strong><em>vallum</em></strong></span> 
     </span>
     <span class='ocr_line' id='line_1_74' title="bbox 1491 2230 2677 2294; baseline 0 -13"><span class='ocrx_word' id='word_1_467' title='bbox 1491 2246 1499 2255; x_wconf 86' lang='lat'><strong>·</strong></span> <span class='ocrx_word' id='word_1_468' title='bbox 1605 2239 1661 2281; x_wconf 90' lang='lat' dir='ltr'><strong><em>et</em></strong></span> <span class='ocrx_word' id='word_1_469' title='bbox 1703 2238 1878 2282; x_wconf 82' lang='lat' dir='ltr'><strong><em>eastra</em></strong></span> <span class='ocrx_word' id='word_1_470' title='bbox 1920 2230 2239 2294; x_wconf 84' lang='lat' dir='ltr'><strong><em>spectatis?’</em></strong></span> <span class='ocrx_word' id='word_1_471' title='bbox 2301 2230 2429 2280; x_wconf 86' lang='lat' dir='ltr'><strong><em>Mox</em></strong></span> <span class='ocrx_word' id='word_1_472' title='bbox 2470 2232 2677 2294; x_wconf 68' lang='lat' dir='ltr'><strong><em>sedeque</em></strong></span> 
     </span>
    </p>
   </div>
   <div class='ocr_carea' id='block_1_11' title="bbox 1603 2306 2705 4066">
    <p class='ocr_par' dir='ltr' id='par_1_13' title="bbox 1603 2306 2705 4066">
     <span class='ocr_line' id='line_1_75' title="bbox 1603 2306 2548 2372; baseline -0.004 -14"><span class='ocrx_word' id='word_1_473' title='bbox 1603 2309 1839 2369; x_wconf 77' lang='lat' dir='ltr'><strong><em>ultimum,</em></strong></span> <span class='ocrx_word' id='word_1_474' title='bbox 1864 2322 1959 2371; x_wconf 86' lang='lat' dir='ltr'><strong><em>pro</em></strong></span> <span class='ocrx_word' id='word_1_475' title='bbox 1980 2322 2117 2372; x_wconf 72' lang='lat' dir='ltr'><strong><em>seque</em></strong></span> <span class='ocrx_word' id='word_1_476' title='bbox 2138 2309 2227 2356; x_wconf 75' lang='lat' dir='ltr'><strong><em>ult.</em></strong></span> <span class='ocrx_word' id='word_1_477' title='bbox 2251 2306 2377 2356; x_wconf 79' lang='lat' dir='ltr'><strong><em>Lov.</em></strong></span> <span class='ocrx_word' id='word_1_478' title='bbox 2401 2310 2449 2355; x_wconf 75' lang='lat'><strong><em>8.</em></strong></span> <span class='ocrx_word' id='word_1_479' title='bbox 2539 2341 2548 2347; x_wconf 82' lang='lat'>-</span> 
     </span>
     <span class='ocr_line' id='line_1_76' title="bbox 1609 2383 2705 2449; baseline -0.002 -16"><span class='ocrx_word' id='word_1_480' title='bbox 1609 2403 1616 2409; x_wconf 94' lang='lat'>·</span> <span class='ocrx_word' id='word_1_481' title='bbox 1668 2387 1697 2449; x_wconf 55' lang='grc' dir='ltr'><strong>ξ</strong></span> <span class='ocrx_word' id='word_1_482' title='bbox 1720 2389 1753 2433; x_wconf 82' lang='grc'><strong>6</strong></span> <span class='ocrx_word' id='word_1_483' title='bbox 1789 2384 1932 2433; x_wconf 70' lang='lat' dir='ltr'><strong><em>Nihil</em></strong></span> <span class='ocrx_word' id='word_1_484' title='bbox 1962 2385 2119 2434; x_wconf 74' lang='lat' dir='ltr'><strong><em>minus</em></strong></span> <span class='ocrx_word' id='word_1_485' title='bbox 2145 2384 2380 2447; x_wconf 62' lang='lat' dir='ltr'><strong><em>timentes,</em></strong></span> <span class='ocrx_word' id='word_1_486' title='bbox 2400 2398 2541 2446; x_wconf 74' lang='lat' dir='ltr'><strong><em>quam</em></strong></span> <span class='ocrx_word' id='word_1_487' title='bbox 2560 2383 2705 2439; x_wconf 57' lang='lat' dir='ltr'><strong><em>sub,</em></strong></span> 
     </span>
     <span class='ocr_line' id='line_1_77' title="bbox 1604 2458 2678 2521; baseline -0.002 -11"><span class='ocrx_word' id='word_1_488' title='bbox 1604 2463 1731 2510; x_wconf 75' lang='lat' dir='ltr'><strong><em>rutis</em></strong></span> <span class='ocrx_word' id='word_1_489' title='bbox 1762 2460 1975 2510; x_wconf 73' lang='lat' dir='ltr'><strong><em>cunierdo</em></strong></span> <span class='ocrx_word' id='word_1_490' title='bbox 2006 2459 2234 2510; x_wconf 77' lang='lat' dir='ltr'><strong><em>moenibus</em></strong></span> <span class='ocrx_word' id='word_1_491' title='bbox 2262 2475 2417 2509; x_wconf 76' lang='lat' dir='ltr'><strong><em>arcem</em></strong></span> <span class='ocrx_word' id='word_1_492' title='bbox 2433 2458 2543 2519; x_wconf 77' lang='lat' dir='ltr'><strong><em>jum</em></strong></span> <span class='ocrx_word' id='word_1_493' title='bbox 2572 2459 2678 2521; x_wconf 78' lang='lat' dir='ltr'><strong><em>ple-</em></strong></span> 
     </span>
     <span class='ocr_line' id='line_1_78' title="bbox 1604 2538 2680 2608; baseline 0.002 -22"><span class='ocrx_word' id='word_1_494' title='bbox 1604 2552 1714 2587; x_wconf 79' lang='lat' dir='ltr'><strong><em>num</em></strong></span> <span class='ocrx_word' id='word_1_495' title='bbox 1744 2539 1950 2589; x_wconf 76' lang='lat' dir='ltr'><strong><em>hostium</em></strong></span> <span class='ocrx_word' id='word_1_496' title='bbox 1980 2538 2103 2601; x_wconf 87' lang='lat' dir='ltr'><strong><em>esse]</em></strong></span> <span class='ocrx_word' id='word_1_497' title='bbox 2143 2538 2470 2608; x_wconf 66' lang='lat' dir='ltr'><strong><em>Nihilominus</em></strong></span> <span class='ocrx_word' id='word_1_498' title='bbox 2498 2538 2680 2588; x_wconf 71' lang='lat' dir='ltr'><strong><em>timen-</em></strong></span> 
     </span>
     <span class='ocr_line' id='line_1_79' title="bbox 1605 2616 2675 2667; baseline -0.002 -1"><span class='ocrx_word' id='word_1_499' title='bbox 1605 2622 1678 2666; x_wconf 81' lang='lat' dir='ltr'><strong><em>tes</em></strong></span> <span class='ocrx_word' id='word_1_500' title='bbox 1710 2616 1867 2667; x_wconf 84' lang='lat' dir='ltr'><strong><em>Voss.</em></strong></span> <span class='ocrx_word' id='word_1_501' title='bbox 1886 2621 1937 2667; x_wconf 89' lang='grc'><strong><em>2.</em></strong></span> <span class='ocrx_word' id='word_1_502' title='bbox 1970 2622 2025 2666; x_wconf 88' lang='lat' dir='ltr'><strong><em>et</em></strong></span> <span class='ocrx_word' id='word_1_503' title='bbox 2059 2617 2186 2667; x_wconf 79' lang='lat' dir='ltr'><strong><em>Lov.</em></strong></span> <span class='ocrx_word' id='word_1_504' title='bbox 2219 2620 2269 2666; x_wconf 75' lang='lat'><strong><em>8.</em></strong></span> <span class='ocrx_word' id='word_1_505' title='bbox 2305 2623 2491 2666; x_wconf 82' lang='lat' dir='ltr'><strong><em>contra</em></strong></span> <span class='ocrx_word' id='word_1_506' title='bbox 2528 2628 2675 2665; x_wconf 86' lang='lat' dir='ltr'><strong><em>men·</em></strong></span> 
     </span>
     <span class='ocr_line' id='line_1_80' title="bbox 1608 2694 2674 2751; baseline 0.001 -7"><span class='ocrx_word' id='word_1_507' title='bbox 1608 2700 1712 2744; x_wconf 88' lang='lat' dir='ltr'><strong><em>tem</em></strong></span> <span class='ocrx_word' id='word_1_508' title='bbox 1736 2696 1893 2746; x_wconf 86' lang='lat' dir='ltr'><strong><em>Livii.</em></strong></span> <span class='ocrx_word' id='word_1_509' title='bbox 1941 2695 1975 2734; x_wconf 62' lang='lat'><strong><em>»⁴</em></strong></span> <span class='ocrx_word' id='word_1_510' title='bbox 1992 2695 2137 2745; x_wconf 82' lang='lat' dir='ltr'><strong><em>Nihil</em></strong></span> <span class='ocrx_word' id='word_1_511' title='bbox 2168 2695 2336 2745; x_wconf 87' lang='lat' dir='ltr'><strong><em>minus</em></strong></span> <span class='ocrx_word' id='word_1_512' title='bbox 2364 2694 2584 2751; x_wconf 85' lang='lat' dir='ltr'><strong><em>timere,&#39;</em></strong></span> <span class='ocrx_word' id='word_1_513' title='bbox 2610 2701 2674 2745; x_wconf 80' lang='lat' dir='ltr'><strong><em>ut</em></strong></span> 
     </span>
     <span class='ocr_line' id='line_1_81' title="bbox 1603 2772 2672 2837; baseline 0.001 -15"><span class='ocrx_word' id='word_1_514' title='bbox 1603 2774 1620 2802; x_wconf 91' lang='lat'>‘</span> <span class='ocrx_word' id='word_1_515' title='bbox 1643 2774 1769 2824; x_wconf 86' lang='lat' dir='ltr'><strong><em>nihil</em></strong></span> <span class='ocrx_word' id='word_1_516' title='bbox 1814 2774 1979 2834; x_wconf 78' lang='lat' dir='ltr'><strong><em>minus</em></strong></span> <span class='ocrx_word' id='word_1_517' title='bbox 2024 2778 2334 2837; x_wconf 78' lang='lat' dir='ltr'><strong><em>exspectare</em></strong></span> <span class='ocrx_word' id='word_1_518' title='bbox 2350 2772 2366 2795; x_wconf 78' lang='lat'>²</span> <span class='ocrx_word' id='word_1_519' title='bbox 2408 2786 2538 2822; x_wconf 83' lang='lat' dir='ltr'><strong><em>vm.</em></strong></span> <span class='ocrx_word' id='word_1_520' title='bbox 2565 2778 2672 2823; x_wconf 70' lang='grc'><strong><em>11.</em></strong></span> 
     </span>
     <span class='ocr_line' id='line_1_82' title="bbox 1606 2850 2674 2915; baseline 0 -16"><span class='ocrx_word' id='word_1_521' title='bbox 1606 2858 1622 2880; x_wconf 84' lang='lat'>‘</span> <span class='ocrx_word' id='word_1_522' title='bbox 1641 2851 2016 2915; x_wconf 86' lang='lat' dir='ltr'><strong><em>Romanosque,</em></strong></span> <span class='ocrx_word' id='word_1_523' title='bbox 2036 2850 2163 2899; x_wconf 82' lang='lat' dir='ltr'><strong><em>nihil</em></strong></span> <span class='ocrx_word' id='word_1_524' title='bbox 2184 2857 2288 2899; x_wconf 87' lang='lat' dir='ltr'><strong><em>tum</em></strong></span> <span class='ocrx_word' id='word_1_525' title='bbox 2311 2850 2498 2908; x_wconf 86' lang='lat' dir='ltr'><strong><em>minus,</em></strong></span> <span class='ocrx_word' id='word_1_526' title='bbox 2514 2855 2674 2913; x_wconf 77' lang='lat' dir='ltr'><strong><em>quam</em></strong></span> 
     </span>
     <span class='ocr_line' id='line_1_83' title="bbox 1605 2926 2676 2992; baseline 0 -16"><span class='ocrx_word' id='word_1_527' title='bbox 1605 2929 1863 2992; x_wconf 84' lang='lat' dir='ltr'><strong><em>proelium,</em></strong></span> <span class='ocrx_word' id='word_1_528' title='bbox 1907 2932 2290 2991; x_wconf 74' lang='lat' dir='ltr'><strong><em>exspectantes,</em></strong></span> <span class='ocrx_word' id='word_1_529' title='bbox 2323 2940 2423 2975; x_wconf 87' lang='lat' dir='ltr'><strong><em>nec</em></strong></span> <span class='ocrx_word' id='word_1_530' title='bbox 2456 2926 2676 2988; x_wconf 78' lang='lat' dir='ltr'><strong><em>opinato</em></strong></span> 
     </span>
     <span class='ocr_line' id='line_1_84' title="bbox 1606 3002 2676 3067; baseline -0.002 -14"><span class='ocrx_word' id='word_1_531' title='bbox 1606 3003 1836 3053; x_wconf 79' lang='lat' dir='ltr'><strong><em>adventu</em></strong></span> <span class='ocrx_word' id='word_1_532' title='bbox 1875 3002 2265 3067; x_wconf 85' lang='lat' dir='ltr'><strong><em>perculsnrum.’</em></strong></span> <span class='ocrx_word' id='word_1_533' title='bbox 2333 3002 2542 3053; x_wconf 84' lang='lat' dir='ltr'><strong><em>Deinde</em></strong></span> <span class='ocrx_word' id='word_1_534' title='bbox 2562 3002 2676 3051; x_wconf 77' lang='lat' dir='ltr'><strong><em>sub·</em></strong></span> 
     </span>
     <span class='ocr_line' id='line_1_85' title="bbox 1605 3079 2674 3144; baseline 0 -15"><span class='ocrx_word' id='word_1_535' title='bbox 1605 3080 1765 3144; x_wconf 77' lang='lat' dir='ltr'><strong><em>ruptis</em></strong></span> <span class='ocrx_word' id='word_1_536' title='bbox 1783 3080 1933 3131; x_wconf 83' lang='lat' dir='ltr'><strong><em>Port.</em></strong></span> <span class='ocrx_word' id='word_1_537' title='bbox 1953 3081 2176 3132; x_wconf 83' lang='lat' dir='ltr'><strong><em>Gaertn.</em></strong></span> <span class='ocrx_word' id='word_1_538' title='bbox 2199 3086 2256 3129; x_wconf 89' lang='lat' dir='ltr'><strong><em>et</em></strong></span> <span class='ocrx_word' id='word_1_539' title='bbox 2272 3079 2412 3128; x_wconf 80' lang='lat' dir='ltr'><strong><em>Hav.</em></strong></span> <span class='ocrx_word' id='word_1_540' title='bbox 2465 3081 2547 3129; x_wconf 89' lang='lat' dir='ltr'><strong><em>De</em></strong></span> <span class='ocrx_word' id='word_1_541' title='bbox 2570 3080 2674 3129; x_wconf 83' lang='lat' dir='ltr'><strong><em>hoc</em></strong></span> 
     </span>
     <span class='ocr_line' id='line_1_86' title="bbox 1606 3156 2673 3209; baseline -0.002 -1"><span class='ocrx_word' id='word_1_542' title='bbox 1606 3173 1786 3209; x_wconf 84' lang='lat' dir='ltr'><strong><em>errore</em></strong></span> <span class='ocrx_word' id='word_1_543' title='bbox 1821 3158 2103 3208; x_wconf 82' lang='lat' dir='ltr'><strong><em>scribarum</em></strong></span> <span class='ocrx_word' id='word_1_544' title='bbox 2131 3158 2299 3208; x_wconf 87' lang='lat' dir='ltr'><strong><em>dicam</em></strong></span> <span class='ocrx_word' id='word_1_545' title='bbox 2323 3156 2389 3206; x_wconf 83' lang='lat' dir='ltr'><strong><em>ad</em></strong></span> <span class='ocrx_word' id='word_1_546' title='bbox 2415 3169 2673 3207; x_wconf 83' lang='lat' dir='ltr'><strong>xxxvm.</strong></span> 
     </span>
     <span class='ocr_line' id='line_1_87' title="bbox 1606 3234 2672 3300; baseline -0.002 -16"><span class='ocrx_word' id='word_1_547' title='bbox 1606 3239 1657 3285; x_wconf 81' lang='grc'><strong><em>7.</em></strong></span> <span class='ocrx_word' id='word_1_548' title='bbox 1678 3237 1706 3300; x_wconf 62' lang='grc' dir='ltr'><strong>ξ</strong></span> <span class='ocrx_word' id='word_1_549' title='bbox 1731 3238 1811 3284; x_wconf 94' lang='grc'><strong><em>11.</em></strong></span> <span class='ocrx_word' id='word_1_550' title='bbox 1871 3237 2003 3284; x_wconf 83' lang='lat' dir='ltr'><strong><em>Tum</em></strong></span> <span class='ocrx_word' id='word_1_551' title='bbox 2024 3234 2260 3284; x_wconf 72' lang='lat' dir='ltr'><strong><em>cuniculos</em></strong></span> <span class='ocrx_word' id='word_1_552' title='bbox 2278 3235 2430 3284; x_wconf 88' lang='lat' dir='ltr'><strong><em>Voss.</em></strong></span> <span class='ocrx_word' id='word_1_553' title='bbox 2449 3239 2500 3283; x_wconf 88' lang='grc'><strong><em>2.</em></strong></span> <span class='ocrx_word' id='word_1_554' title='bbox 2521 3235 2672 3284; x_wconf 84' lang='lat' dir='ltr'><strong><em>Leid.</em></strong></span> 
     </span>
     <span class='ocr_line' id='line_1_88' title="bbox 1606 3309 2672 3375; baseline -0.001 -13"><span class='ocrx_word' id='word_1_555' title='bbox 1606 3316 1655 3362; x_wconf 94' lang='lat'><strong><em>1.</em></strong></span> <span class='ocrx_word' id='word_1_556' title='bbox 1674 3314 1861 3363; x_wconf 59' lang='lat' dir='ltr'><strong><em>Lon&amp;</em></strong></span> <span class='ocrx_word' id='word_1_557' title='bbox 1887 3312 2039 3362; x_wconf 86' lang='lat' dir='ltr'><strong><em>Harl.</em></strong></span> <span class='ocrx_word' id='word_1_558' title='bbox 2061 3315 2108 3360; x_wconf 93' lang='lat' dir='ltr'><strong><em>l.</em></strong></span> <span class='ocrx_word' id='word_1_559' title='bbox 2124 3318 2177 3361; x_wconf 90' lang='lat' dir='ltr'><strong><em>et</em></strong></span> <span class='ocrx_word' id='word_1_560' title='bbox 2194 3309 2380 3375; x_wconf 81' lang='lat' dir='ltr'><strong><em>fragm.</em></strong></span> <span class='ocrx_word' id='word_1_561' title='bbox 2397 3311 2537 3361; x_wconf 82' lang='lat' dir='ltr'><strong><em>Hav.</em></strong></span> <span class='ocrx_word' id='word_1_562' title='bbox 2557 3312 2672 3361; x_wconf 81' lang='lat' dir='ltr'><strong><em>siue</em></strong></span> 
     </span>
     <span class='ocr_line' id='line_1_89' title="bbox 1606 3385 2672 3442; baseline 0.001 -6"><span class='ocrx_word' id='word_1_563' title='bbox 1606 3402 1779 3439; x_wconf 88' lang='lat' dir='ltr'><strong><em>sensu.</em></strong></span> <span class='ocrx_word' id='word_1_564' title='bbox 1839 3387 2088 3438; x_wconf 70' lang='lat' dir='ltr'><strong><em>criniculis</em></strong></span> <span class='ocrx_word' id='word_1_565' title='bbox 2109 3387 2235 3436; x_wconf 85' lang='lat' dir='ltr'><strong><em>Lov.</em></strong></span> <span class='ocrx_word' id='word_1_566' title='bbox 2255 3392 2305 3435; x_wconf 82' lang='lat'><strong><em>5.</em></strong></span> <span class='ocrx_word' id='word_1_567' title='bbox 2367 3385 2491 3442; x_wconf 83' lang='lat' dir='ltr'><strong><em>Sed,</em></strong></span> <span class='ocrx_word' id='word_1_568' title='bbox 2517 3389 2672 3437; x_wconf 85' lang='lat' dir='ltr'><strong><em>unius</em></strong></span> 
     </span>
     <span class='ocr_line' id='line_1_90' title="bbox 1607 3462 2673 3539; baseline 0 -26"><span class='ocrx_word' id='word_1_569' title='bbox 1607 3469 1806 3513; x_wconf 79' lang='lat' dir='ltr'><strong><em>tautum</em></strong></span> <span class='ocrx_word' id='word_1_570' title='bbox 1840 3463 2066 3539; x_wconf 70' lang='lat' dir='ltr'><strong><em>eunieuli</em></strong></span> <span class='ocrx_word' id='word_1_571' title='bbox 2089 3478 2133 3511; x_wconf 23' lang='lat' dir='ltr'><strong><em>‘a</em></strong></span> <span class='ocrx_word' id='word_1_572' title='bbox 2159 3462 2308 3511; x_wconf 83' lang='lat' dir='ltr'><strong><em>Livio</em></strong></span> <span class='ocrx_word' id='word_1_573' title='bbox 2343 3462 2397 3512; x_wconf 89' lang='lat' dir='ltr'><strong><em>in</em></strong></span> <span class='ocrx_word' id='word_1_574' title='bbox 2437 3463 2534 3512; x_wconf 89' lang='lat' dir='ltr'><strong><em>hae</em></strong></span> <span class='ocrx_word' id='word_1_575' title='bbox 2565 3463 2673 3513; x_wconf 86' lang='lat' dir='ltr'><strong><em>his-</em></strong></span> 
     </span>
     <span class='ocr_line' id='line_1_91' title="bbox 1608 3538 2671 3602; baseline -0.001 -12"><span class='ocrx_word' id='word_1_576' title='bbox 1608 3541 1742 3591; x_wconf 84' lang='lat' dir='ltr'><strong><em>toria</em></strong></span> <span class='ocrx_word' id='word_1_577' title='bbox 1770 3541 2085 3592; x_wconf 86' lang='lat' dir='ltr'><strong><em>mentionem</em></strong></span> <span class='ocrx_word' id='word_1_578' title='bbox 2118 3538 2253 3602; x_wconf 85' lang='lat' dir='ltr'><strong><em>fieri,</em></strong></span> <span class='ocrx_word' id='word_1_579' title='bbox 2271 3538 2425 3589; x_wconf 86' lang='lat' dir='ltr'><strong><em>modo</em></strong></span> <span class='ocrx_word' id='word_1_580' title='bbox 2448 3538 2671 3589; x_wconf 75' lang='lat' dir='ltr'><strong><em>vidimus</em></strong></span> 
     </span>
     <span class='ocr_line' id='line_1_92' title="bbox 1605 3616 2672 3682; baseline 0 -17"><span class='ocrx_word' id='word_1_581' title='bbox 1605 3616 1704 3666; x_wconf 84' lang='lat' dir='ltr'><strong><em>hoo</em></strong></span> <span class='ocrx_word' id='word_1_582' title='bbox 1736 3631 1854 3682; x_wconf 83' lang='lat' dir='ltr'><strong><em>cap.</em></strong></span> <span class='ocrx_word' id='word_1_583' title='bbox 1889 3616 1957 3666; x_wconf 84' lang='lat' dir='ltr'><strong><em>ad</em></strong></span> <span class='ocrx_word' id='word_1_584' title='bbox 1988 3619 2087 3681; x_wconf 82' lang='lat'><strong><em>§4.</em></strong></span> <span class='ocrx_word' id='word_1_585' title='bbox 2152 3616 2395 3680; x_wconf 88' lang='lat' dir='ltr'><strong><em>Denique</em></strong></span> <span class='ocrx_word' id='word_1_586' title='bbox 2426 3630 2530 3665; x_wconf 84' lang='lat' dir='ltr'><strong><em>esse</em></strong></span> <span class='ocrx_word' id='word_1_587' title='bbox 2549 3617 2672 3665; x_wconf 62' lang='lat' dir='ltr'><strong><em>noea</em></strong></span> 
     </span>
     <span class='ocr_line' id='line_1_93' title="bbox 1608 3691 2673 3757; baseline 0 -16"><span class='ocrx_word' id='word_1_588' title='bbox 1608 3693 1727 3741; x_wconf 73' lang='lat' dir='ltr'><strong><em>tium</em></strong></span> <span class='ocrx_word' id='word_1_589' title='bbox 1744 3691 1931 3757; x_wconf 77' lang='lat' dir='ltr'><strong><em>fragm.</em></strong></span> <span class='ocrx_word' id='word_1_590' title='bbox 1952 3692 2091 3743; x_wconf 72' lang='lat' dir='ltr'><strong><em>Har.</em></strong></span> <span class='ocrx_word' id='word_1_591' title='bbox 2154 3692 2341 3741; x_wconf 88' lang='lat' dir='ltr'><strong><em>Paullo</em></strong></span> <span class='ocrx_word' id='word_1_592' title='bbox 2366 3698 2487 3754; x_wconf 85' lang='lat' dir='ltr'><strong><em>post</em></strong></span> <span class='ocrx_word' id='word_1_593' title='bbox 2506 3691 2563 3740; x_wconf 74' lang='lat' dir='ltr'><strong><em>in</em></strong></span> <span class='ocrx_word' id='word_1_594' title='bbox 2583 3706 2673 3741; x_wconf 71' lang='lat' dir='ltr'><strong><em>na-</em></strong></span> 
     </span>
     <span class='ocr_line' id='line_1_94' title="bbox 1608 3769 2700 3835; baseline 0.003 -17"><span class='ocrx_word' id='word_1_595' title='bbox 1608 3785 1779 3828; x_wconf 83' lang='lat' dir='ltr'><strong><em>meros,</em></strong></span> <span class='ocrx_word' id='word_1_596' title='bbox 1804 3785 1895 3835; x_wconf 89' lang='lat' dir='ltr'><strong><em>pro</em></strong></span> <span class='ocrx_word' id='word_1_597' title='bbox 1918 3772 1971 3821; x_wconf 83' lang='lat' dir='ltr'><strong><em>in</em></strong></span> <span class='ocrx_word' id='word_1_598' title='bbox 1990 3786 2167 3833; x_wconf 72' lang='lat' dir='ltr'><strong><em>muros,</em></strong></span> <span class='ocrx_word' id='word_1_599' title='bbox 2186 3769 2592 3835; x_wconf 59' lang='lat' dir='ltr'><strong><em>praesen-enam:</em></strong></span> <span class='ocrx_word' id='word_1_600' title='bbox 2610 3784 2674 3819; x_wconf 76' lang='lat' dir='ltr'><strong><em>an</em></strong></span> <span class='ocrx_word' id='word_1_601' title='bbox 2687 3799 2700 3822; x_wconf 75' lang='grc' dir='ltr'>ι</span> 
     </span>
     <span class='ocr_line' id='line_1_95' title="bbox 1607 3848 2678 3902; baseline 0.002 -7"><span class='ocrx_word' id='word_1_602' title='bbox 1607 3861 1765 3896; x_wconf 78' lang='lat' dir='ltr'><strong><em>muros</em></strong></span> <span class='ocrx_word' id='word_1_603' title='bbox 1788 3848 1915 3897; x_wconf 81' lang='lat' dir='ltr'><strong><em>Lov.</em></strong></span> <span class='ocrx_word' id='word_1_604' title='bbox 1938 3851 1987 3898; x_wconf 73' lang='lat'><strong><em>8.</em></strong></span> <span class='ocrx_word' id='word_1_605' title='bbox 2040 3848 2201 3899; x_wconf 85' lang='lat' dir='ltr'><strong><em>Forte</em></strong></span> <span class='ocrx_word' id='word_1_606' title='bbox 2223 3848 2388 3898; x_wconf 79' lang='lat' dir='ltr'><strong><em>voluit</em></strong></span> <span class='ocrx_word' id='word_1_607' title='bbox 2407 3849 2472 3896; x_wconf 75' lang='lat' dir='ltr'><strong><em>ad</em></strong></span> <span class='ocrx_word' id='word_1_608' title='bbox 2497 3862 2678 3902; x_wconf 70' lang='lat' dir='ltr'><strong><em>muros.</em></strong></span> 
     </span>
     <span class='ocr_line' id='line_1_96' title="bbox 1608 3924 2664 3990; baseline 0.002 -16"><span class='ocrx_word' id='word_1_609' title='bbox 1608 3924 1710 3974; x_wconf 87' lang='lat' dir='ltr'><strong><em>Sed</em></strong></span> <span class='ocrx_word' id='word_1_610' title='bbox 1735 3926 2002 3989; x_wconf 79' lang='lat' dir='ltr'><strong><em>vulgatum</em></strong></span> <span class='ocrx_word' id='word_1_611' title='bbox 2024 3931 2170 3976; x_wconf 85' lang='lat' dir='ltr'><strong><em>reete</em></strong></span> <span class='ocrx_word' id='word_1_612' title='bbox 2194 3925 2378 3990; x_wconf 82' lang='lat' dir='ltr'><strong><em>reliqui</em></strong></span> <span class='ocrx_word' id='word_1_613' title='bbox 2403 3931 2664 3976; x_wconf 82' lang='lat' dir='ltr'><strong><em>tuentur.-</em></strong></span> 
     </span>
     <span class='ocr_line' id='line_1_97' title="bbox 1607 4002 2672 4066; baseline 0 -15"><span class='ocrx_word' id='word_1_614' title='bbox 1607 4019 1616 4030; x_wconf 56' lang='lat'>⁵</span> <span class='ocrx_word' id='word_1_615' title='bbox 1674 4002 1704 4065; x_wconf 82' lang='lat'>§</span> <span class='ocrx_word' id='word_1_616' title='bbox 1725 4005 1758 4051; x_wconf 79' lang='grc'><strong>7</strong></span> <span class='ocrx_word' id='word_1_617' title='bbox 1780 4002 1940 4059; x_wconf 68' lang='lat' dir='ltr'><strong><em>Quum</em></strong></span> <span class='ocrx_word' id='word_1_618' title='bbox 1960 4008 2031 4052; x_wconf 80' lang='lat' dir='ltr'><strong><em>tot</em></strong></span> <span class='ocrx_word' id='word_1_619' title='bbox 2057 4016 2146 4066; x_wconf 77' lang='lat' dir='ltr'><strong><em>per</em></strong></span> <span class='ocrx_word' id='word_1_620' title='bbox 2164 4002 2430 4052; x_wconf 70' lang='lat' dir='ltr'><strong><em>diesnemo</em></strong></span> <span class='ocrx_word' id='word_1_621' title='bbox 2452 4017 2504 4050; x_wconf 88' lang='lat' dir='ltr'><strong><em>se</em></strong></span> <span class='ocrx_word' id='word_1_622' title='bbox 2524 4018 2556 4051; x_wconf 82' lang='lat' dir='ltr'><strong><em>a</em></strong></span> <span class='ocrx_word' id='word_1_623' title='bbox 2574 4007 2672 4051; x_wconf 81' lang='lat' dir='ltr'><strong><em>sta-</em></strong></span> 
     </span>
    </p>
   </div>
   <div class='ocr_carea' id='block_1_12' title="bbox 1587 4076 2673 4144">
    <p class='ocr_par' dir='ltr' id='par_1_14' title="bbox 1587 4076 2673 4144">
     <span class='ocr_line' id='line_1_98' title="bbox 1587 4076 2673 4144; baseline 0.003 -20"><span class='ocrx_word' id='word_1_624' title='bbox 1587 4076 1818 4126; x_wconf 54' lang='lat' dir='ltr'><strong><em>sionibus</em></strong></span> <span class='ocrx_word' id='word_1_625' title='bbox 1860 4077 2092 4128; x_wconf 78' lang='lat' dir='ltr'><strong><em>Romanis</em></strong></span> <span class='ocrx_word' id='word_1_626' title='bbox 2136 4078 2380 4142; x_wconf 80' lang='lat' dir='ltr'><strong><em>movisset]</em></strong></span> <span class='ocrx_word' id='word_1_627' title='bbox 2436 4077 2673 4144; x_wconf 84' lang='lat' dir='ltr'><strong><em>Antiqua</em></strong></span> 
     </span>
    </p>
   </div>
   <div class='ocr_carea' id='block_1_13' title="bbox 1608 4152 2670 4286">
    <p class='ocr_par' dir='ltr' id='par_1_15' title="bbox 1608 4152 2670 4286">
     <span class='ocr_line' id='line_1_99' title="bbox 1608 4152 2670 4227; baseline 0.002 -26"><span class='ocrx_word' id='word_1_628' title='bbox 1608 4152 1764 4203; x_wconf 85' lang='lat' dir='ltr'><strong><em>lectio</em></strong></span> <span class='ocrx_word' id='word_1_629' title='bbox 1785 4167 1919 4203; x_wconf 83' lang='lat' dir='ltr'><strong><em>nemo</em></strong></span> <span class='ocrx_word' id='word_1_630' title='bbox 1938 4169 1990 4204; x_wconf 86' lang='lat' dir='ltr'><strong><em>se</em></strong></span> <span class='ocrx_word' id='word_1_631' title='bbox 2021 4170 2052 4203; x_wconf 80' lang='lat' dir='ltr'><strong><em>a</em></strong></span> <span class='ocrx_word' id='word_1_632' title='bbox 2071 4159 2189 4205; x_wconf 74' lang='lat' dir='ltr'><strong><em>stat.</em></strong></span> <span class='ocrx_word' id='word_1_633' title='bbox 2210 4155 2469 4227; x_wconf 65' lang='lat' dir='ltr'><strong><em>Rovigauus.</em></strong></span> <span class='ocrx_word' id='word_1_634' title='bbox 2506 4156 2670 4204; x_wconf 83' lang='lat' dir='ltr'><strong><em>Rhen.</em></strong></span> 
     </span>
     <span class='ocr_line' id='line_1_100' title="bbox 1610 4227 2669 4286; baseline 0.001 -10"><span class='ocrx_word' id='word_1_635' title='bbox 1610 4227 1713 4276; x_wconf 81' lang='lat' dir='ltr'><strong><em>Per</em></strong></span> <span class='ocrx_word' id='word_1_636' title='bbox 1746 4232 1817 4277; x_wconf 75' lang='lat' dir='ltr'><strong><em>tot</em></strong></span> <span class='ocrx_word' id='word_1_637' title='bbox 1850 4228 1952 4277; x_wconf 84' lang='lat' dir='ltr'><strong><em>dies</em></strong></span> <span class='ocrx_word' id='word_1_638' title='bbox 1983 4229 2111 4279; x_wconf 79' lang='lat' dir='ltr'><strong><em>Lov.</em></strong></span> <span class='ocrx_word' id='word_1_639' title='bbox 2132 4233 2181 4278; x_wconf 89' lang='grc'><strong><em>2.</em></strong></span> <span class='ocrx_word' id='word_1_640' title='bbox 2204 4233 2253 4279; x_wconf 75' lang='grc'><strong><em>8.</em></strong></span> <span class='ocrx_word' id='word_1_641' title='bbox 2274 4234 2324 4278; x_wconf 94' lang='grc'><strong><em>4.</em></strong></span> <span class='ocrx_word' id='word_1_642' title='bbox 2355 4235 2420 4280; x_wconf 83' lang='grc'><strong><em>6.·</em></strong></span> <span class='ocrx_word' id='word_1_643' title='bbox 2439 4230 2589 4280; x_wconf 84' lang='lat' dir='ltr'><strong><em>Harl.</em></strong></span> <span class='ocrx_word' id='word_1_644' title='bbox 2617 4234 2669 4286; x_wconf 72' lang='grc'><strong><em>2.</em></strong></span> 
     </span>
    </p>
   </div>
   <div class='ocr_carea' id='block_1_14' title="bbox 1608 4303 2672 4374">
    <p class='ocr_par' dir='ltr' id='par_1_16' title="bbox 1608 4303 2672 4374">
     <span class='ocr_line' id='line_1_101' title="bbox 1608 4303 2672 4374; baseline 0.002 -20"><span class='ocrx_word' id='word_1_645' title='bbox 1608 4303 1758 4355; x_wconf 87' lang='lat' dir='ltr'><strong><em>Port.</em></strong></span> <span class='ocrx_word' id='word_1_646' title='bbox 1778 4304 2005 4357; x_wconf 81' lang='lat' dir='ltr'><strong><em>Gaertu.</em></strong></span> <span class='ocrx_word' id='word_1_647' title='bbox 2023 4306 2161 4358; x_wconf 71' lang='lat' dir='ltr'><strong><em>HaV.</em></strong></span> <span class='ocrx_word' id='word_1_648' title='bbox 2184 4314 2242 4358; x_wconf 86' lang='lat' dir='ltr'><strong><em>et</em></strong></span> <span class='ocrx_word' id='word_1_649' title='bbox 2268 4321 2369 4358; x_wconf 77' lang='lat' dir='ltr'><strong><em>une</em></strong></span> <span class='ocrx_word' id='word_1_650' title='bbox 2392 4307 2475 4357; x_wconf 81' lang='lat' dir='ltr'><strong><em>vel</em></strong></span> <span class='ocrx_word' id='word_1_651' title='bbox 2508 4308 2672 4374; x_wconf 73' lang='lat' dir='ltr'><strong><em>altere</em></strong></span> 
     </span>
    </p>
   </div>
   <div class='ocr_carea' id='block_1_15' title="bbox 2909 3217 2914 4900">
    <p class='ocr_par' dir='ltr' id='par_1_17' title="bbox 2909 3217 2914 4900">
     <span class='ocr_line' id='line_1_102' title="bbox 2909 3217 2914 4900; baseline 0 0"><span class='ocrx_word' id='word_1_652' title='bbox 2909 3217 2914 4900; x_wconf 95' lang='lat' dir='ltr'><strong><em> </em></strong></span> 
     </span>
    </p>
   </div>
  </div>
 </body>
</html>
