2934 4925
433 388 608 457 ⁷760

437 551 549 614 ipae
589 554 732 613 atq-e
773 564 910 601 arno
946 552 1152 602 ouum
1181 551 1401 602 Gaertn.
1436 561 1505 601 ex

436 632 590 693 perui,
622 628 673 678 id
712 636 789 679 est
814 643 899 692 per
929 630 1047 694 vim,
1080 630 1270 692 exigna
1300 637 1505 680 tantum

443 707 776 757 aberratione
808 705 869 757 fit
898 705 1062 771 periri,
1098 707 1151 757 id
1184 716 1266 758 est
1293 710 1507 772 perinde,

446 783 514 832 ob
549 783 940 835 similitudinem
973 786 1238 837 literarum
1269 787 1323 836 ui
1352 795 1408 838 et
1431 789 1506 837 in·

447 860 583 911 Vide
609 862 673 912 ad
700 874 779 912 ιι.
805 868 854 916 1.
876 865 905 929 §
928 869 977 914 8.

511 936 656 994 Quod
674 939 727 987 in
753 939 880 989 Urbe
899 939 1088 1001 fuerat,
1108 940 1411 1001 frumentum
1430 943 1509 991 in·

448 1014 626 1063 maii·
648 1015 796 1064 Urbis
813 1016 1161 1081 absumunt]
1177 1019 1400 1069 videtur
1422 1019 1506 1069 Li·

450 1090 535 1140 vio
563 1092 689 1140 satis
725 1091 885 1143 fuisse
918 1094 1149 1144 incendiis
1168 1094 1511 1158 absumseront.

449 1166 504 1217 J.
529 1166 586 1217 F.
609 1167 772 1218 Gron.
832 1168 996 1233 Urbis,
1017 1171 1154 1235 quod
1172 1173 1513 1237 expungebat

454 1241 764 1300 Gronovius,
801 1243 853 1293 in
889 1259 991 1296 nno
1027 1248 1166 1310 apud
1205 1261 1290 1298 me
1328 1250 1514 1299 deerat

452 1319 602 1368 Leid.
625 1324 675 1369 2.
729 1321 932 1385 Reliqui
956 1331 1261 1374 constanter
1283 1333 1514 1379 tuentur.

456 1397 643 1460 Neque
667 1398 817 1446 aliam
842 1412 1091 1462 caussam,
1124 1403 1190 1451 ob
1219 1415 1371 1467 quam
1407 1402 1513 1452 dis·

456 1472 655 1535 plicere
693 1476 943 1539 potuerit,
980 1476 1151 1533 video,
1189 1492 1343 1542 quam
1373 1479 1515 1544 quod

456 1561 575 1597 mox
603 1552 944 1613 proecesserit.
1007 1552 1082 1603 At
1106 1555 1193 1605 ita
1227 1565 1342 1606 erat
1363 1571 1410 1606 c.
1431 1560 1516 1607 41.

459 1623 475 1650 ⁸
497 1623 611 1674 Nec
653 1633 765 1674 tum
805 1628 985 1688 inpetu
1022 1634 1113 1679 aut
1146 1630 1196 1680 vi
1237 1633 1519 1696 capiebant

458 1699 672 1759 Urbem,
705 1702 818 1752 sine
845 1704 944 1765 ira,
963 1705 1074 1755 sine
1105 1706 1294 1757 ardore
1324 1710 1519 1758 animo·

461 1792 572 1826 rum
590 1778 808 1842 ingressi
827 1790 1036 1845 postero
1057 1784 1142 1833 die
1158 1784 1354 1835 Urbem
1371 1785 1406 1835 ε’
1431 1785 1520 1834 nbi

461 1854 668 1918 quidem
716 1857 832 1906 voci
879 1858 1056 1909 Urbem
1098 1862 1375 1922 posteriori
1407 1863 1521 1912 loco

463 1935 823 1982 controversia
847 1935 1083 1986 similiter
1105 1946 1248 1987 mota
1279 1945 1393 1988 est:
1428 1940 1523 1988 sed

459 2009 585 2057 vide
624 2025 737 2070 quae
775 2010 845 2060 ibi
877 2012 1025 2062 dicta
1056 2020 1190 2063 sunt.
1256 2015 1526 2064 Praeterea

462 2085 683 2134 incendio
737 2086 871 2136 urbis
923 2088 1247 2139 absmnserant
1303 2090 1525 2140 Gaertn.

466 2158 575 2210 Sed
610 2162 687 2211 its
708 2165 942 2227 superius
970 2165 1239 2215 distinctio
1275 2169 1527 2218 mutanda

467 2234 607 2287 foret
644 2237 741 2288 boc
784 2238 976 2291 modot
1014 2240 1300 2292 obsidionem
1331 2250 1527 2307 parant,

468 2313 604 2376 'cnv‘us
624 2318 686 2365 od
714 2316 768 2365 id
797 2322 978 2381 tempus
999 2318 1305 2370 inmemores.-
1336 2326 1385 2371 et
1405 2324 1529 2386 quod

468 2392 523 2441 in
545 2392 849 2453 Urbesumrt
859 2394 1173 2462 framentum,
1195 2399 1427 2456 incendio,
1448 2402 1530 2463 ξε.

468 2472 573 2522 Sed
617 2470 842 2535 praefero
894 2474 1175 2537 vulgatum,
1218 2477 1528 2542 reliquorum

472 2547 699 2596 omnium
718 2547 955 2600 codicum
970 2549 1072 2600 fide
1085 2552 1384 2602 stabilitum.
1399 2556 1532 2605 Tum

475 2628 798 2673 assumserunt
819 2625 971 2674 Leid.
1000 2632 1043 2676 l·
1064 2629 1195 2678 Lov.
1218 2633 1268 2679 ³.
1298 2634 1349 2678 5.
1379 2628 1532 2682 Harl.

476 2703 531 2749 ².
561 2707 618 2748 et
651 2697 788 2749 Hav.
827 2703 1153 2753 ammonam
1182 2704 1321 2755 Flor.
1397 2707 1534 2757 Vide

475 2775 544 2826 ad
568 2789 650 2827 tx.
679 2781 760 2828 17.
789 2778 819 2843 §
844 2783 925 2828 17.
992 2780 1178 2830 Paullo
1217 2789 1339 2833 ante
1376 2786 1533 2834 etiam

473 2855 539 2904 ud
566 2854 621 2904 ia
652 2856 795 2919 tprrs,
832 2855 885 2904 id
916 2861 1000 2906 est
1041 2860 1283 2923 temperis,
1313 2860 1535 2919 Gaertn.

475 2931 567 2983 Ita
600 2945 640 2982 ι.
674 2936 757 2983 50.
792 2934 809 2962 ⁸
830 2933 1066 2984 Monitns
1101 2948 1134 2984 a
1170 2937 1437 2999 proximis,
1475 2944 1537 2989 ut

475 3019 733 3074 purgaret
754 3024 830 3074 se,
853 3012 990 3076 quod
1015 3009 1068 3062 ld
1095 3016 1345 3078 temporis
1370 3016 1538 3066 venis-

474 3085 601 3136 set)
649 3096 784 3137 xxv·
806 3092 891 3139 28.
926 3090 1060 3139 ‘Ubi
1097 3091 1149 3140 id
1183 3093 1429 3156 temporis
1462 3094 1539 3143 vi-

475 3174 611 3225 sum,
632 3176 738 3226 quo
757 3162 823 3212 de
846 3164 935 3213 die
958 3167 1184 3230 epulatis
1195 3169 1306 3232 jam
1332 3170 1437 3220 vini
1459 3185 1539 3220 sa·

479 3236 586 3286 tias
611 3239 1028 3304 principiumque
1048 3242 1210 3292 somni
1231 3245 1408 3295 esset-⁹
1461 3247 1541 3297 si-

488 3313 685 3363 militer
716 3319 731 3343 ⁸
759 3315 810 3363 id
833 3318 1151 3379 cognominis
1173 3324 1186 3346 ⁸
1214 3333 1317 3370 vn.
1338 3326 1420 3372 26.
1444 3322 1539 3373 ‘Id

479 3389 619 3438 enim
643 3388 718 3438 illi
736 3390 923 3441 deinde
942 3396 1260 3459 cognominis
1281 3396 1381 3448 fnit
1396 3400 1431 3446 ι’
1451 3401 1541 3450 ubi

485 3466 607 3516 vide
628 3466 794 3531 plura.
860 3471 1033 3522 Quum
1068 3479 1242 3525 tamen
1272 3477 1359 3526 alii
1388 3478 1543 3528 codd.

492 3544 755 3607 vulgatum
783 3553 1044 3606 tueantur,
1063 3549 1114 3599 id
1137 3551 1293 3602 etiam
1311 3554 1423 3605 loco
1439 3568 1542 3606 non

479 3623 798 3671 movendum
821 3636 1026 3675 censeo.

481 3770 484 3777 ι
551 3697 621 3747 Et
641 3713 703 3749 ex
723 3699 857 3763 agris
874 3714 961 3765 per
975 3703 1103 3766 ipsos
1120 3703 1221 3755 dies
1240 3710 1428 3769 raptum
1449 3724 1546 3766 mn-

491 3789 553 3824 ne
582 3775 725 3826 Veios
759 3777 891 3842 erut]
925 3780 1137 3830 Plenius
1175 3781 1314 3833 foret
1346 3799 1435 3848 per
1470 3800 1546 3835 eos

488 3851 619 3914 ipsos
652 3853 770 3903 dies.
841 3854 923 3905 An
962 3863 1136 3907 tamen
1173 3859 1435 3911 interdum
1469 3863 1547 3914 ita

486 3928 669 3979 dixere
691 3931 811 3994 ipse,
832 3946 930 3995 pro
960 3937 976 3963 ⁸
991 3935 1033 3983 is
1054 3935 1215 4000 ipse?
1269 3938 1459 3989 Cicero
1479 3941 1544 3990 ad

488 4003 604 4054 Art.
642 4016 698 4055 x.
729 4010 810 4057 14.
841 4009 856 4035 ⁸
877 4010 989 4059 Nos
1022 4019 1193 4062 autem
1226 4015 1291 4063 ad
1326 4017 1457 4078 baec,
1493 4020 1548 4067 et

483 4085 657 4161 ipsum
692 4092 838 4133 certo
864 4084 996 4144 fore,
1020 4096 1095 4151 et,
1128 4105 1247 4155 quae
1269 4093 1376 4156 jam
1402 4093 1547 4151 fiant,

491 4172 593 4208 non
617 4168 733 4209 esse
766 4162 1013 4213 leviora:'
1044 4167 1282 4217 nimirum
1314 4178 1372 4219 ut
1398 4160 1549 4222 resti·

489 4242 764 4286 tuerentur
785 4237 1034 4302 damnati,
1056 4242 1122 4290 de
1144 4256 1247 4308 qno
1270 4260 1551 4309 pracesse·

490 4320 594 4364 rat.
637 4325 743 4365 xu.
765 4319 862 4397 1⁴⁶,
877 4320 893 4346 ⁸
912 4314 1071 4382 Nam,
1099 4331 1196 4382 pro
1216 4324 1381 4387 malis,
1402 4334 1549 4377 recte

1129 403 1349 456 NOTA
1396 403 1801 460 vammum
1847 403 1928 457 {N

1576 549 1827 612 lubebat,
1871 561 2180 616 quamquam
2234 547 2405 615 ipsum
2452 548 2641 599 doleo?

1579 630 1754 680 Livius
1780 641 1994 680 xxxm.
2026 632 2117 679 lo..
2137 630 2154 658 ⁸
2171 629 2251 679 Eo
2273 641 2443 694 neque
2466 629 2645 678 cuncti

1578 721 1872 758 convenere
1918 706 2245 758 Acarnanum
2295 706 2503 770 populi,
2544 717 2643 755 nec

1579 784 1726 847 ipsis,
1743 786 1830 849 qui
1853 790 2225 846 convenerant,
2246 782 2382 832 idem
2409 781 2648 846 placuit?

1581 863 1791 913 Curtius
1814 873 1869 912 v.
1900 867 1952 912 3.
1985 862 2052 912 de
2086 860 2384 927 Sysigambi
2408 873 2509 924 pro
2534 860 2650 910 Ma·

1582 939 1738 990 datbe
1778 939 2099 1006 deprecante
2123 955 2139 989 ε
2184 937 2202 966 ⁸
2221 939 2309 989 lta
2352 938 2652 1001 deprecata

1583 1026 1684 1079 est,
1707 1025 1765 1068 ut
1785 1017 1956 1081 ipsum
1979 1022 2278 1074 exemeret,
2295 1016 2434 1080 qnod
2460 1015 2652 1079 depre-

1584 1091 1829 1144 caretur?
1871 1093 2058 1144 Florus
2074 1106 2153 1143 ιν.
2170 1096 2249 1142 10.
2269 1094 2284 1120 ⁸
2302 1092 2476 1144 Quum
2492 1089 2653 1140 fidem

1586 1173 1702 1237 ipso
1720 1171 1969 1224 fecisset!
2035 1171 2116 1222 An
2143 1171 2317 1236 potius
2339 1171 2454 1220 haec
2479 1170 2656 1219 omnia

1587 1250 1869 1313 corrupta?
1891 1249 1949 1299 J.
1973 1248 2037 1299 F.
2058 1247 2212 1297 Gron.
2267 1245 2328 1295 Id
2352 1259 2535 1296 verum
2555 1254 2656 1307 est,

1588 1325 1712 1374 alibi
1748 1339 1852 1375 non
1882 1337 2001 1374 raro
2036 1335 2316 1388 pronomen
2349 1321 2405 1372 2·ae
2438 1332 2565 1373 ante
2596 1321 2658 1371 τὸ

1586 1401 1741 1466 ipsum
1764 1404 1922 1466 culpa
1953 1401 2281 1452 librariorum
2304 1400 2550 1449 omissam
2575 1414 2659 1448 es-

1589 1494 1662 1528 se.
1727 1478 1814 1529 Ita
1836 1478 2068 1529 nonnulli
2091 1476 2246 1527 codd.
2268 1477 2521 1527 exhibent
2544 1491 2590 1526 ι.
2612 1482 2662 1525 ⁵.

1590 1558 1608 1584 ⁸
1634 1557 1702 1606 Et
1744 1555 2008 1621 expositos
2043 1554 2194 1618 jussu
2236 1554 2376 1618 regis
2421 1552 2660 1603 infantes

1591 1633 1811 1695 sciebat,
1833 1641 1887 1682 et
1910 1638 2138 1696 tempus,
2159 1644 2262 1696 qno
2291 1630 2406 1694 ipse
2430 1644 2522 1680 eos
2544 1641 2662 1679 sns-

1594 1712 1816 1775 tulisset,
1840 1710 1904 1761 ad
1933 1711 2104 1775 ipsum
2127 1722 2415 1774 congruere
2435 1708 2470 1757 τ’
2504 1713 2563 1758 et
2594 1721 2662 1761 11.

1591 1791 1675 1840 42.
1703 1790 1720 1818 ⁸
1739 1789 1899 1839 Filius
1940 1788 2071 1852 ejus,
2114 1786 2355 1837 duumvir
2383 1787 2447 1836 ad
2486 1787 2663 1850 ipsum

1597 1874 1826 1927 creatus,
1856 1865 2121 1916 dedicavit
2136 1865 2172 1915 :’
2200 1864 2288 1916 nbi
2329 1870 2505 1914 tamen
2548 1879 2665 1913 rec·

1598 1943 1699 1992 tius
1731 1945 1795 1992 ad
1826 1942 1880 1992 id
1904 1943 2059 2007 ipsum
2079 1941 2186 2004 legi
2212 1942 2263 1990 in
2286 1941 2513 2004 vulgatis
2534 1940 2664 1992 edd.

1598 2019 1817 2083 aliisque
1837 2016 1991 2067 codd.
2015 2017 2208 2067 monui.
2242 2031 2321 2068 vr.
2343 2019 2426 2066 27.
2445 2023 2460 2047 ⁸
2474 2017 2665 2066 Tribu-

1599 2105 1693 2143 nos
1737 2094 1904 2157 plebis
1943 2092 2081 2143 fama
2113 2105 2178 2142 ea
2210 2092 2322 2157 ipsa
2361 2093 2665 2143 irritaverat

1601 2172 1813 2235 magist·
1845 2170 1932 2220 ubi
1973 2171 2148 2235 plures
2187 2168 2344 2220 codd.
2364 2169 2507 2230 fama
2536 2170 2665 2235 ipsa.

1601 2257 1771 2298 xxm.
1806 2251 1884 2297 18.
1914 2248 1930 2276 ⁸
1951 2246 2205 2299 Cohortes
2241 2247 2359 2297 dno
2387 2248 2452 2296 ad
2490 2249 2666 2312 ipsum

1600 2325 1870 2375 instruetae
1893 2326 2034 2376 intus
2053 2323 2088 2375 ε’
2119 2325 2197 2375 ita
2228 2324 2519 2389 preferant
2540 2325 2667 2374 edd.

1603 2404 1950 2468 ‘recentiores3
1986 2404 2103 2453 alioe
2128 2417 2245 2454 enm
2276 2404 2428 2454 libris
2449 2405 2667 2471 scriptis

1602 2483 1668 2530 nd
1687 2482 1739 2531 id
1757 2482 1928 2545 ipsum.
1972 2492 2180 2532 xxvnl·
2199 2486 2258 2532 8.·
2272 2482 2288 2510 ⁸
2306 2481 2394 2531 Sic
2418 2482 2544 2544 ipsis
2561 2482 2674 2531 diss

1607 2556 1703 2609 bus
1718 2558 2081 2609 Machanidam
2100 2572 2129 2607 e
2147 2557 2384 2607 manibus
2399 2558 2507 2607 suis
2522 2559 2673 2621 elap-

1607 2649 1720 2685 sum
1734 2633 1768 2685 ε’
1800 2635 1876 2685 ita
1892 2635 2049 2685 ethic
2071 2632 2363 2698 praeferunt
2379 2635 2671 2685 novissima

1607 2709 1731 2760 edd.
1765 2725 1862 2775 pro
1892 2724 1995 2776 qno
2025 2710 2257 2762 Gronov.
2278 2722 2346 2760 ex
2367 2711 2498 2762 Mss.
2520 2711 2674 2761 resti·

1613 2789 1714 2839 tuit
1735 2789 1808 2838 eis
1828 2789 1948 2852 ipsis
1967 2788 2148 2839 diebus.
2179 2786 2432 2838 Similiter
2455 2789 2508 2838 in
2529 2789 2677 2853 Epit.

1610 2864 1702 2915 lib.
1727 2878 1885 2916 xux.
1904 2879 2037 2915 unus
2060 2871 2263 2915 tantum
2291 2864 2460 2915 codex
2479 2865 2676 2929 obmrt,

1611 2943 1629 2972 ⁸
1648 2942 1821 2994 Quum
1853 2941 1921 2991 ab
1952 2942 2083 2991 urbe
2112 2938 2363 3004 Romana,
2390 2956 2497 3007 qno
2530 2943 2675 2992 illum

1613 3018 1912 3069 Demetrius
1935 3018 2098 3081 Syrioe
2131 3032 2223 3068 rex
2245 3017 2313 3069 ob
2336 3019 2508 3082 ipsum
2533 3032 2678 3070 men·
2698 3017 2705 3023 '

1613 3096 1819 3145 dacium
1862 3096 2095 3152 miserat,
2127 3095 2263 3144 clam
2302 3091 2626 3158 profugisset
2642 3094 2679 3146 ε’

1613 3185 1770 3237 quum
1795 3172 1950 3235 vulgo
1972 3170 2159 3220 edatur
2177 3170 2236 3220 ob
2255 3170 2344 3220 Inoo
2363 3170 2522 3234 ἕρσαι
2548 3184 2680 3221 nucus-

1613 3251 1818 3301 dncium.
1884 3250 2143 3301 Omnibus
2174 3256 2345 3300 tamen
2385 3251 2490 3300 illis
2531 3253 2682 3315 locis,

1616 3343 1734 3393 quo
1775 3327 2055 3378 laudarunt
2087 3326 2276 3391 partim
2306 3326 2359 3379 J.
2389 3329 2451 3377 F.
2473 3329 2680 3379 Grono-

1615 3405 1729 3454 vius
1752 3405 1847 3455 hoc
1872 3405 2006 3467 loco,
2035 3404 2224 3469 partim
2245 3405 2362 3458 διο.
2381 3404 2679 3456 Gronovius

1617 3479 1682 3529 ad
1709 3480 1843 3530 Livii
1864 3492 1987 3530 xxr.
2011 3485 2094 3530 55.
2117 3482 2146 3545 ς
2170 3484 2248 3529 ll.
2265 3484 2678 3531 controversiam

1617 3560 1720 3606 non
1743 3557 2010 3613 moverim,
2043 3556 2328 3621 prasertim
2350 3557 2442 3606 ubi
2469 3559 2682 3621 vulgata

1615 3633 1776 3684 lectio
1811 3632 2060 3682 librorum
2096 3634 2410 3697 scriptorum
2448 3636 2681 3697 patroci-
2762 3619 2773 3629 ’

1617 3710 1703 3759 nio
1721 3708 2040 3760 defenditur.
2076 3708 2216 3758 Hinc
2239 3708 2398 3759 etiam
2420 3710 2550 3759 nihil
2572 3722 2681 3760 nns-

1620 3785 1834 3836 tandum
1882 3794 2009 3850 puto
2054 3794 2206 3836 κων.
2246 3790 2294 3836 1.
2341 3787 2445 3836 ‘Et
2485 3787 2682 3851 primns

1621 3878 1799 3914 eorum
1823 3878 2130 3928 congressus
2153 3876 2220 3912 ex
2251 3863 2510 3927 dignitate
2544 3857 2681 3926 ipso·

1620 3956 1737 3991 rum
1765 3955 1827 3992 ac
1865 3942 2091 3991 nominis
2116 3938 2340 3990 Romani
2358 3939 2392 3989 ε’
2422 3939 2510 3989 ubi
2531 3939 2684 4005 Sigo-

1622 4019 1738 4067 nius
1771 4017 1988 4081 conjicit
2018 4032 2083 4067 ex
2112 4015 2355 4078 dig-nitate
2375 4030 2538 4066 eorum
2556 4017 2683 4080 ipo·-

1621 4110 1744 4145 rum.
1807 4095 1963 4150 Sane,
1983 4106 2139 4159 quum
2157 4094 2313 4157 ipsum
2336 4107 2431 4157 pro
2462 4095 2479 4122 ⁸
2495 4108 2578 4143 me
2601 4094 2684 4158 ip·
2769 4103 2778 4111 ·

1622 4169 1773 4235 sum,’
1805 4184 1867 4222 ac
1900 4172 1917 4200 ⁸
1934 4185 1991 4220 se
2013 4167 2210 4231 ipsum’
2231 4170 2423 4232 sepius
2438 4178 2685 4234 ponatur,

1622 4254 1683 4299 ut
1706 4247 1925 4298 vidimus
1947 4247 2002 4297 in
2024 4244 2244 4297 Praefat.
2269 4247 2370 4311 §t-
2392 4248 2581 4297 nullan
2603 4247 2684 4296 vi-

1622 4324 1727 4376 deo
1758 4337 2013 4381 caussam,
2044 4334 2140 4374 cur
2175 4334 2280 4376 non
2310 4323 2497 4376 eodem
2528 4324 2683 4375 modo
