2934 4925
722 381 792 429 T.
843 378 1031 428 mvn
1079 378 1280 430 nis‘r.
1328 380 1474 430 mu.
1508 382 1577 428 v·
1623 383 1787 432 cAP.
1830 366 1937 433 17.

230 537 336 573 eam
357 521 777 574 emendationem
811 537 878 574 ex
911 524 1042 576 meis
1073 524 1284 576 firmant

227 599 358 649 Flor.
399 596 553 648 Leid.
577 604 627 652 l.
665 599 943 657 Klockian.
980 608 1036 650 et
1069 601 1199 650 Lov-
1232 605 1280 652 1.

131 671 137 679 ’
225 675 507 740 eodemque
554 675 1027 741 ducunttvestigia
1073 678 1284 727 Lovso.

224 751 375 803 Port.
392 758 449 802 et
472 751 615 801 Har.
646 753 855 803 invisam
874 752 1282 818 praeferentium.

223 825 383 877 Plura
398 827 649 879 dicentur
672 828 738 877 ad
765 843 816 879 v.
839 834 919 879 84.
939 832 966 895 §
989 837 1040 881 4.

238 938 245 969 :
285 906 408 954 Cum
445 906 616 969 quibus
653 921 740 956 nec
770 923 872 971 pax
906 910 1029 958 satis
1048 908 1178 973 fido,
1196 923 1283 958 nee

223 981 391 1030 benum
405 997 502 1044 pro
521 987 651 1032 certo
673 983 764 1047 ait]
797 983 924 1033 Tres
942 997 1101 1034 voces
1122 999 1153 1033 a
1173 984 1279 1035 fine

221 1072 316 1106 non
344 1065 471 1108 sunt
494 1058 545 1106 in
566 1058 687 1109 Pal}
709 1063 761 1108 2.
785 1060 884 1108 uisi
906 1060 970 1109 ad
996 1060 1281 1123 marginem

220 1148 247 1181 a
276 1126 355 1184 m.
380 1148 492 1183 sec.
556 1135 628 1184 Et
666 1142 913 1198 poterant
948 1136 1156 1185 omnino
1184 1135 1282 1185 'ab-

221 1224 350 1260 esse.
389 1212 543 1260 Grut.
607 1212 857 1264 Quamvis
891 1213 1076 1263 deletis
1115 1213 1280 1263 tribus

220 1285 413 1336 ultimis
439 1286 652 1337 vocibus
685 1301 865 1337 sensus
890 1296 1130 1339 constare
1166 1304 1281 1353 pos-

221 1361 303 1422 sit,
325 1361 446 1413 illas
468 1368 644 1412 tamen
669 1355 1038 1427 expungendas
1062 1380 1164 1415 uon
1193 1379 1284 1414 ex-

223 1437 394 1487 istimo
441 1447 668 1502 propter
705 1454 1008 1490 consensum
1056 1443 1276 1507 reliquo·

222 1526 326 1565 tum
372 1514 638 1576 codicum,
686 1516 774 1579 qui
823 1523 1129 1568 constanter
1171 1532 1280 1568 ser-

221 1599 356 1642 vant.
426 1593 581 1643 Unns
636 1595 771 1644 enim
828 1596 943 1645 Pal.
979 1601 1029 1647 2.
1070 1596 1278 1647 levioris

221 1669 550 1719 auctoritatis
596 1671 735 1734 apud
773 1685 857 1721 me
898 1679 996 1728 est,
1036 1679 1280 1736 quam'ut

221 1746 328 1809 ejus
359 1745 468 1796 fide
506 1755 612 1796 tres
651 1750 882 1812 integras
912 1750 1175 1801 dictiones
1214 1767 1280 1802 ex

220 1828 470 1873 contextu
515 1824 723 1887 ejiciam
735 1845 752 1888 3
786 1829 1079 1888 praesertim
1122 1842 1280 1893 quum

221 1899 283 1960 is,
319 1899 412 1962 qui
462 1900 701 1950 codicem
756 1903 1043 1966 recensuit,
1073 1906 1279 1955 ea'sdem

223 1991 252 2024 a
271 1990 336 2027 m.
357 1990 441 2040 pr.
462 1977 678 2026 omissas
693 1992 759 2026 ex
784 1981 996 2030 alterius
1015 1996 1283 2046 compara-

225 2050 359 2100 tione
392 2051 460 2100 ad
485 2053 773 2116 marginem
797 2055 1070 2120 adjecerit.
1137 2060 1281 2109 Prae-

224 2134 366 2176 terea
389 2142 482 2191 pro
513 2134 645 2178 certo
665 2129 871 2191 genium
895 2132 1170 2183 locutionis
1194 2135 1279 2184 Li·

226 2202 382 2252 vianae
403 2203 590 2267 spirat.
660 2205 798 2254 Vide
819 2206 884 2256 ad
912 2221 951 2257 1.
970 2212 1021 2258 3.
1044 2210 1071 2274 ς
1096 2214 1159 2260 2.-
1182 2210 1279 2260 Ni·

229 2279 352 2328 mins
382 2286 469 2329 est
512 2280 776 2331 Gruterus
807 2282 860 2331 iu
899 2283 1279 2348 subprimendis

227 2353 448 2416 vocibus,
470 2370 598 2419 quas
622 2357 734 2405 sine
749 2357 967 2420 jactura
987 2375 1168 2410 sensus
1189 2364 1277 2412 ab·

227 2444 328 2482 esse
351 2446 508 2496 posse
530 2433 816 2496 existimat,
845 2437 999 2501 idque
1036 2438 1089 2488 in
1112 2439 1287 2498 Livio,‘

227 2511 368 2574 cujus
401 2513 578 2563 lactea
622 2514 836 2565 ubertas
883 2516 1083 2567 laudari
1128 2520 1280 2570 solet·

225 2587 354 2638 Vide
385 2588 452 2638 ad
476 2602 646 2640 xxm.
669 2595 752 2642 34.
782 2593 824 2656 -§
846 2596 925 2642 15.
949 2618 955 2630 ·
1004 2595 1279 2646 Praeterea

222 2678 297 2721 nec
327 2680 429 2729 pax
453 2666 569 2731 fida
601 2668 742 2729 satis,
766 2669 1102 2731 transpositis
1135 2671 1276 2721 voci·

223 2740 313 2791 bus
344 2743 478 2793 Ῑιον.
508 2746 562 2793 4.
603 2743 756 2795 Harl.
777 2747 828 2792 2.
857 2745 1009 2794 Port.
1047 2753 1103 2796 et
1135 2747 1276 2797 Hav.

222 2819 391 2869 Livius
423 2820 662 2870 eamdem
707 2835 837 2883 rem,
872 2836 1024 2885 quam
1070 2822 1153 2874 hie
1192 2838 1278 2872 re-

219 2894 337 2951 fert,
359 2896 712 2960 itaexprimit
739 2899 918 2947 ιι.«22.
959 2899 975 2927 ‘
996 2899 1126 2948 Cum
1151 2900 1279 2949 Vol-

218 2986 417 3022 scorum
441 2980 601 3037 gente
622 2973 808 3026 Latino
828 2972 966 3025 bello
984 2988 1156 3041 neque
1174 2991 1289 3042 pax-

1283 3078 1290 3085 ·
1350 3059 1512 3095 mans.
1545 3071 1555 3086 .
1595 3048 1750 3105 Nam,
1806 3056 2023 3111 propter
2077 3048 2404 3100 adfinitatem

218 3060 381 3111 neque
405 3047 600 3097 bellum
621 3047 826 3098 fuerat?

278 3125 363 3187 §9
394 3115 643 3184 &agareni
672 3129 852 3174 -tamen
904 3125 1174 3190 nominique
1227 3133 1278 3178 et

215 3198 526 3260 praeseatibus
540 3199 768 3261 periculis
797 3200 1277 3265 consanguineorum]

220 3273 548 3338 Smgaaique
570 3280 670 3325 tum
690 3277 844 3327 menia
862 3279 1045 3327 nomini
1062 3286 1109 3328 et
1128 3293 1276 3342 pra-s.

219 3351 323 3403 sine
360 3352 464 3400 ullo
497 3367 649 3402 sensu
687 3354 815 3403 Lov.
836 3360 885 3403 5.
939 3355 1167 3417 sanguini
1197 3361 1276 3405 tu·

221 3440 336 3489 nen,
393 3428 579 3477 nomini
630 3433 681 3478 et
709 3440 868 3492 'pm-s.
898 3445 1001 3493 per.
1047 3430 1193 3481 Leid.
1226 3435 1275 3480 2.

222 3503 336 3552 Nou
358 3516 565 3568 sequor.
630 3505 765 3555 Haec
795 3508 928 3558 enim
963 3507 1275 3571 compositio

223 3577 362 3629 Livio
394 3579 939 3634 estsamiliarissima.
1004 3583 1176 3646 Supra
1192 3596 1275 3633 ιν.

221 3660 267 3705 6.
298 3658 486 3708 ‘Hanc
521 3660 831 3709 modestiam
871 3661 1274 3728 aequitatemque

223 3741 274 3783 et
294 3735 624 3785 altitudinem
650 3737 915 3787 animissubi
940 3739 1151 3788 nuncin
1169 3753 1273 3789 uno

227 3809 552 3861 inveneris?’
621 3828 668 3864 c.
720 3818 803 3864 25.
856 3820 871 3842 ‘
890 3814 953 3864 Iu
1009 3816 1271 3865 Etruriam

225 3885 859 3954 Pomptinumquenagmm
884 3898 939 3940 et
962 3893 1152 3942 Cumas
1166 3892 1297 3942 stu-⁴

224 3965 383 4015 menti
419 3979 610 4018 caussa
646 3964 871 4016 misere.’
915 3981 964 4016 c.
1001 3970 1086 4018 32.
1118 3970 1135 3997 ‘
1158 3969 1274 4019 Me-

225 4053 332 4089 mor
362 4042 522 4104 opimi
541 4043 664 4092 doni
687 4043 998 4108 Romulique
1034 4059 1094 4095 ac
1126 4045 1273 4096 Jo'vis

228 4114 442 4168 Feretrii
487 4133 617 4168 rem·
645 4117 892 4183 gereret!
953 4134 1008 4172 V.
1053 4126 1132 4172 18.
1164 4123 1275 4172 ‘'Ut

230 4193 434 4244 esitium
459 4196 687 4246 ab·urbis
712 4198 865 4247 tectis
885 4198 1195 4264 templisque
1213 4213 1273 4249 ac

231 4266 464 4322 Romanis
497 4273 755 4324 moenibus
791 4274 1070 4326 arcerent.’
1137 4275 1275 4326 Vide

1322 996 1331 1005 ⁴
1355 981 1525 1031 ocum
1564 988 1718 1032 none.
1753 983 1923 1032 Rhen.

2238 369 2412 436 7607

1357 526 1515 577 etiam
1538 526 1605 577 ad
1628 541 1690 578 ιι.
1713 531 1797 578 31.
1820 530 1848 592 §
1870 531 1916 578 1.
1965 525 2103 589 Τιιιι,
2127 540 2222 591 pro
2237 535 2415 596 tanen,

1356 611 1440 654 est
1463 604 1621 655 etiam
1653 606 1707 654 in
1747 604 1971 656 Lov.4.·
2004 604 2141 654 vide
2163 606 2229 654 ad
2262 620 2411 657 xxn.

1358 681 1436 729 1⁷.
1460 680 1490 742 ς
1510 683 1561 727 5.
1627 679 1762 728 Tum
1786 680 2154 742 sanguineorum
2174 680 2313 730 Har.

1420 753 1485 803 Sa·
1505 753 1864 817 quijuoeatutis
1881 770 1981 805 ⁸⁸oe
1999 756 2262 805 voluntarii
2279 758 2343 806 ad
2357 756 2411 807 ia

1355 829 1528 879 bellum
1564 837 1720 890 want,
1760 845 1853 880 non
1886 831 2154 895 inpediunt]
2189 832 2253 881 In
2276 832 2412 883 Vor-

1355 907 1602 957 maciensi
1626 908 1886 956 volumine
1908 915 1989 973 est
2012 909 2253 958 voluntate
2273 912 2336 960 od
2356 910 2411 958 id

2011 984 2148 1033 Pali.
2186 992 2314 1041 tres,
2355 991 2412 1035 et

1357 1058 1610 1122 Campani
1650 1059 1733 1109 ed.
1768 1062 2011 1110 odenato
2044 1063 2109 1110 ad
2148 1061 2201 1110 id
2237 1061 2409 1112 benum

1353 1139 1483 1184 eunt.
1556 1135 1801 1184 Rectius:
1857 1150 2027 1201 neque
2081 1137 2235 1187 aliter
2286 1138 2408 1188 iibri

1356 1212 1609 1263 Rhenano
1649 1214 1899 1276 usurpati.
1934 1214 2085 1264 Gebh.
2150 1215 2230 1264 Ex
2275 1216 2408 1266 Mss.

1355 1294 1412 1337 et
1433 1289 1518 1338 ed.
1539 1290 1791 1351 Campani
1812 1291 2133 1339 restituimus
2149 1292 2409 1342 voluntate.

1354 1364 1428 1413 Et
1460 1364 1537 1414 sic
1570 1380 1715 1430 saepe
1750 1366 1948 1416 Livius.
2003 1367 2118 1416 Lib.
2145 1380 2209 1417 11.
2246 1382 2294 1417 c.
2325 1372 2409 1417 24.

1354 1441 1370 1469 ‘
1392 1441 1499 1490 Per
1544 1426 1738 1491 metum
1773 1443 1948 1506 potius
1982 1457 2136 1506 qnam
2182 1452 2410 1506 postmo-

1354 1515 1477 1565 dum
1495 1517 1763 1568 voluntate
1786 1518 2135 1568 consuluisse:
2175 1518 2294 1567 Hoc
2318 1518 2409 1568 lib.

1359 1607 1412 1643 v.
1434 1607 1485 1642 c.
1497 1598 1583 1644 52.
1601 1594 1617 1622 ‘
1635 1595 1810 1645 Sinon
1835 1596 2107 1645 voluntate
2132 1597 2409 1645 mansimus

1354 1670 1407 1720 iu
1430 1671 1691 1733 Capitolio
1714 1685 1809 1735 per
1845 1679 1928 1722 tot
1960 1686 2161 1721 menses
2183 1672 2408 1722 obsidio·

1353 1744 1472 1797 nis.’
1519 1761 1621 1798 vn.
1645 1752 1727 1799 89.
1749 1755 1765 1778 ‘
1789 1749 1980 1798 Parum
2005 1750 2119 1813 spei
2153 1756 2290 1810 erat,
2326 1763 2411 1798 vo·

1354 1823 1555 1873 luntate
1588 1824 1862 1889 quicquam
1885 1823 2181 1874 facturum.’
2237 1834 2409 1874 xxxv.

1352 1904 1436 1950 22.
1472 1901 1488 1930 ⁴
1509 1901 1740 1951 Castella
1760 1901 1926 1953 multa
1946 1901 2286 1965 expugnavit,
2307 1901 2409 1950 alia

1352 1977 1624 2027 voluntate
1647 1977 1714 2028 ad
1746 1991 1864 2027 eum
1897 1976 2248 2028 defecerunt.’
2307 1978 2407 2028 Eo·

1353 2052 1474 2102 dem
1509 2052 1601 2104 lib.
1630 2069 1681 2104 c.
1698 2059 1781 2104 45.
1815 2060 1831 2082 ‘
1849 2054 2021 2105 Multa
2050 2055 2424 2105 hominesve«-

1351 2130 1554 2180 luntate
1578 2132 1883 2182 remittere?
1914 2135 2230 2184 xxxv11.39.
2250 2140 2267 2163 ‘
2282 2134 2408 2183 Duo

1354 2208 1515 2258 millia
1555 2208 1823 2258 mistorum
1862 2209 2213 2259 Macedonum
2246 2210 2406 2259 Thra-

1352 2296 1604 2348 cumque‚›
1618 2285 1707 2350 qui
1730 2286 1998 2335 voluntate
2016 2286 2185 2336 secuti
2221 2284 2407 2335 eraut-⁹

1353 2371 1555 2409 xxxix.
1577 2362 1771 2411 25.·⁸Si
1793 2363 2083 2422 voluntate,
2109 2376 2207 2411 non
2238 2363 2292 2412 vi
2326 2370 2407 2412 at-

1353 2451 1455 2500 que
1480 2439 1634 2489 armis
1656 2439 1848 2504 coacti,
1862 2454 1979 2491 cum
1999 2439 2183 2491 AEtolis
2200 2438 2410 2490 essent!

1351 2511 1569 2565 Terent.
1615 2514 1845 2580 Adelph.
1885 2530 1975 2567 ιιι.
2007 2520 2055 2566 4.
2097 2519 2181 2568 44.
2214 2516 2405 2568 ‘Quod

1351 2603 1441 2638 vos
1454 2590 1548 2652 jus
1570 2591 1732 2653 cogit,
1752 2592 1804 2641 id
1826 2593 2094 2642 voluntate
2121 2590 2407 2656 impetret!

1349 2666 1404 2713 .1.
1434 2666 1500 2715 F.
1540 2668 1695 2716 Gran.
1764 2667 2017 2719 Volcanum
2036 2668 2195 2719 etiam
2228 2681 2406 2719 omnes

1351 2740 1507 2791 codd.
1541 2743 1728 2808 quibus
1751 2759 1873 2794 usus
1890 2755 2020 2809 sum,
2049 2747 2159 2796 solo
2180 2752 2405 2810 excepto

1352 2817 1680 2883 Gitona-qui
1714 2820 1983 2871 manifesto
2005 2836 2181 2872 errore
2216 2819 2404 2889 scrihae

1350 2893 1569 2957 praefert
1601 2897 1854 2959 voluptate,
1877 2897 1960 2946 vel
1991 2897 2106 2962 ipsa
2126 2896 2406 2946 etiamhac

1349 2968 1688 3038 aberratione
1745 2981 1918 3022 veram
1982 2973 2288 3023 lectionem.
2317 2971 2403 3022 fir-

1348 3124 1602 3174 ductuum
1626 3125 1891 3175 literarum
1905 3141 1947 3175 n
1969 3134 2023 3176 et
2039 3141 2075 3189 p
2096 3126 2149 3175 iu
2180 3127 2403 3190 scriptu-

1350 3216 1405 3251 ra
1428 3199 1841 3263 langobardica,
1858 3216 2003 3265 saepe
2023 3216 2175 3252 voces
2191 3205 2207 3229 ⁸
2229 3203 2407 3251 volun-

1351 3275 1466 3325 tas’
1517 3282 1579 3326 et
1613 3278 1647 3305 ·‘
1667 3276 1935 3339 voluptas’
1982 3279 2288 3329 commutari
2322 3293 2404 3329 so-

1351 3354 1461 3403 lent
1481 3353 1547 3403 ab
1582 3353 1808 3404 indoctis
1831 3355 2072 3405 librariis.
2135 3358 2269 3407 Vide
2306 3356 2405 3406 hoc

1350 3430 1440 3482 lib.
1462 3431 1528 3481 ad
1553 3445 1600 3481 c.
1620 3436 1671 3482 6.
1690 3433 1717 3496 §
1735 3435 1783 3481 8.
1835 3432 2086 3483 Voluntute
2106 3440 2282 3483 autem
2305 3434 2403 3484 eti-

1349 3521 1430 3558 am
1454 3508 1508 3558 in
1528 3508 1716 3558 Oxum·
1736 3510 1841 3557 suis
1863 3513 2154 3573 ‘superesse
2190 3510 2401 3559 Hearue

1349 3590 1596 3636 testatur.
1657 3586 1674 3612 ‘
1691 3586 1976 3636 voluntate
2010 3585 2169 3647 eant,'
2203 3586 2255 3635 id
2302 3596 2402 3643 est,

1346 3668 1534 3726 sponte
1558 3668 1697 3711 eant·
1763 3662 1936 3725 Supra
1958 3676 2047 3712 ιιι.
2070 3666 2154 3712 41.
2185 3667 2201 3691 ⁸
2223 3664 2403 3725 Prope

1346 3736 1629 3793 malebant,
1666 3736 1994 3800 postmodum
2024 3738 2163 3800 ipsos
2196 3737 2401 3787 decem-

1347 3814 1484 3864 viros
1502 3814 1769 3864 voluntate
1790 3814 1934 3863 abire
1957 3812 2302 3878 magistrum*
2353 3827 2403 3864 c·

1346 3894 1435 3939 69.
1455 3897 1471 3919 ⁸
1489 3890 1864 3954 Exercitusque
1899 3904 2081 3954 novus,
2117 3890 2294 3953 paucis
2316 3905 2402 3941 oo-

1347 3966 1581 4017 hortibus
1599 3979 1604 3984 ·
1620 3974 1856 4016 veterum
1876 3967 2096 4017 militum
2134 3969 2401 4019 voluntate

1346 4045 1695 4109 sequentium,
1708 4045 1950 4094 manserit
1969 4045 2037 4096 ad
2054 4046 2310 4097 decimum
2328 4048 2400 4096 la-

1346 4121 1558 4186 pidem!
1603 4134 1726 4171 xxl.
1748 4127 1830 4173 58.
1845 4141 1848 4146 ·
1863 4123 1878 4151 ‘
1900 4123 2028 4172 Eam
2050 4138 2250 4189 quoque
2274 4138 2398 4187 gen-

1347 4205 1471 4259 tem,
1493 4198 1629 4247 sicut
1649 4199 1828 4249 Ganos
1861 4196 2202 4263 Liguresque,
2236 4208 2325 4249 aut
2348 4199 2398 4249 vi

1347 4281 1438 4325 aut
1456 4274 1730 4326 voluntate
1752 4274 2131 4339 adjuncturus)
2149 4273 2297 4328 am.
2315 4279 2400 4329 ³2.
