2934 4925
811 387 880 437 τ.
926 385 1114 435 mvn
1162 385 1363 437 mer.
1410 387 1560 436 ma.
1615 389 1679 436 v.
1727 387 1896 438 cAP.
1937 372 2002 438 8.

302 529 610 585 munitarius,
633 534 714 579 est
754 529 810 580 in
843 528 1058 580 Gaertn.
1089 528 1235 593 quast
1254 529 1358 580 dis-

301 606 638 670 tinguendum
657 613 814 661 esset,
840 607 972 670 equis
991 620 1168 656 maere
1181 606 1360 670 equites

298 687 529 745 coepernnt
566 683 868 732 voluntariis.
941 683 1201 734 Exercitus
1243 685 1357 732 duc-

297 763 372 806 tus
402 758 558 808 Veios.
611 760 820 823 Inepte.
856 760 1025 823 Supra
1047 773 1086 809 1.
1107 764 1190 809 69.
1222 760 1238 787 ⁸
1257 758 1356 808 Fe·

300 834 588 884 rocissimus
621 835 841 900 quisque
856 836 1108 899 juvenum
1133 850 1250 886 cum
1275 850 1356 884 ar·

295 911 385 959 mis
407 912 730 962 voluntarius
742 912 895 961 adest
917 911 952 961 :’
986 911 1075 962 ubi
1095 911 1355 962 simillimo

296 1001 469 1054 errore
493 1002 624 1037 unus
649 987 815 1037 codex
839 987 1066 1038 babebat
1083 1002 1188 1038 cum
1207 988 1356 1039 armis

294 1063 577 1111 voluntariis
599 1064 751 1112 adest.

356 1137 490 1187 Cu.
521 1152 649 1188 vtn.
679 1140 707 1202 §
741 1142 770 1187 1
809 1139 868 1189 C.
891 1138 1150 1189 Servilium
1172 1141 1354 1191 Ηαὶαηι

293 1214 512 1277 tertium]
544 1215 770 1272 Ahalam,
796 1222 854 1265 ut
884 1216 1012 1265 dixi.
1060 1216 1231 1280 Sigon.
1265 1218 1351 1269 Ita

291 1293 443 1340 etiam
467 1307 650 1341 omnes
684 1291 806 1353 mei,
845 1292 939 1341 nisi
968 1292 1105 1357 quod
1136 1296 1196 1344 C.
1232 1294 1349 1345 Ser·

288 1367 453 1416 vilium
497 1368 681 1416 Halous
728 1366 869 1417 tertio
913 1367 982 1416 sit
1017 1369 1067 1416 in
1105 1368 1255 1419 Harl.
1299 1374 1348 1420 2.

289 1444 440 1493 Port.
462 1453 521 1493 et
543 1443 682 1495 Hav.
718 1452 773 1492 et
800 1443 981 1493 Halani
1001 1443 1227 1495 habeant
1249 1446 1349 1496 eti-

290 1536 366 1570 am
394 1520 595 1572 Levat.
631 1526 687 1570 et
719 1525 769 1570 6.
807 1521 944 1570 Vide
977 1522 1042 1569 ad
1075 1522 1216 1587 Epit.
1256 1523 1348 1572 lib.

286 1612 361 1647 lv.
401 1599 546 1647 Male
591 1597 845 1647 Claudium
876 1597 1137 1648 Servilium
1167 1599 1348 1650 Halani

284 1675 462 1724 excusi
485 1682 611 1723 ante
628 1674 977 1736 Mognntinos.
1029 1676 1233 1725 Deinde
1248 1681 1346 1726 ter·

281 1750 421 1814 tium,
448 1752 513 1807 Q.
532 1751 792 1801 Servilium
813 1750 1056 1799 deficiunt
1074 1752 1125 1800 in
1152 1753 1278 1801 Lov.
1298 1759 1347 1802 6.

348 1828 441 1883 Q.·
480 1827 759 1888 Servilium,
816 1826 877 1873 Ρ.
929 1826 1226 1892 Virginitas]
1277 1830 1344 1885 Q.

282 1905 422 1955 Serv.
457 1905 742 1954 Fidenatem
785 1903 1058 1965 legendum
1096 1910 1241 1967 puto,
1284 1911 1346 1956 ut

280 1988 464 2045 postea
497 1981 772 2045 aliquoties
821 1981 1027 2045 legitur.
1091 1981 1211 2030 Fuit
1253 1997 1342 2031 au·

285 2067 386 2108 tem
409 2057 549 2108 filius
570 2058 639 2110 Q.
676 2059 880 2107 Servilii
918 2058 1216 2119 dictatoris,
1254 2060 1340 2109 cni

281 2135 368 2186 alii
404 2136 640 2192 Structo,
687 2135 772 2185 alii
822 2135 1009 2185 Prisco
1053 2149 1338 2199 cognomen

280 2209 436 2280 fuisse
461 2211 810 2271 tradiderunt,
831 2217 889 2262 ut
907 2212 1231 2276 praecedenti
1250 2227 1340 2277 pa·

285 2297 363 2338 tet
399 2287 537 2338 libro
572 2303 620 2338 c.
656 2290 739 2341 46.
801 2288 940 2338 Item
982 2288 1048 2343 Q.
1074 2288 1339 2352 Sulpicium

283 2365 602 2427 Camerinum,
655 2373 714 2414 ut
767 2378 813 2414 a.
866 2377 1102 2414 cccnvn.
1144 2366 1337 2427 legitur

281 2442 375 2492 boc
398 2443 490 2493 lib.
512 2457 562 2494 c.
585 2444 667 2493 14.
699 2440 776 2491 ita
809 2440 895 2491 hic
916 2454 1122 2507 quoque
1154 2441 1337 2493 existi-

283 2534 361 2568 mo
390 2518 690 2583 legendum.
756 2516 914 2567 Hunc
953 2533 1156 2582 quoque
1189 2518 1337 2569 Maa-

282 2595 548 2660 linni,.,(alii
572 2595 834 2645 Manilium
871 2593 1107 2658 vocant,)
1140 2603 1194 2644 et
1217 2595 1334 2646 Ser-

274 2678 405 2735 glun
425 2673 708 2723 Fidenatem
730 2673 883 2735 tertio
904 2671 1025 2722 binc
1056 2686 1190 2721 anno
1220 2673 1335 2736 ipse

281 2750 452 2801 Livius
474 2752 710 2802 vocavit:
745 2751 842 2800 nisi
867 2749 980 2816 quis
1002 2749 1099 2806 boc
1121 2751 1235 2800 loco
1266 2750 1333 2801 ab

282 2836 489 2880 auctore
524 2830 763 2880 consulto
799 2830 981 2879 omissa
1023 2828 1334 2891 cognomina

279 2911 440 2967 putet,
464 2904 605 2972 qnod
639 2919 735 2969 ego
772 2919 874 2955 non
907 2904 1166 2959 existimo,
1201 2919 1333 2967 μνω-

279 2984 451 3034 sertim
521 2983 611 3032 ubi
672 2982 1007 3047 magistratus
1067 2988 1330 3032 creantur.

282 3057 412 3111 Glar.
467 3059 696 3108 veteres
733 3058 853 3108 libri
897 3058 1097 3122 aliquot
1137 3057 1332 3108 babent

281 3134 341 3183 P.
368 3136 430 3185 L.
474 3135 766 3197 Virgininm.
832 3134 1097 3185 Diodorus
1136 3135 1174 3184 l.
1210 3147 1328 3185 ΧΠ.

279 3225 328 3273 p·
352 3215 471 3262 416.
512 3210 710 3261 Λεύκιον
746 3209 1035 3274 Οὐεργίνιον.
1104 3211 1186 3260 Ex
1226 3224 1330 3276 quo

278 3287 334 3338 L.
362 3288 635 3352 Verginium
657 3296 782 3354 puto
804 3288 1330 3353 legendnm,praeser·

278 3365 362 3415 tim
397 3380 540 3424 vero,
580 3380 698 3416 cum
734 3379 982 3429 nusquam
1015 3364 1142 3414 alias
1164 3362 1332 3414 Publii

276 3456 561 3505 praenomen
591 3443 646 3492 in
676 3440 901 3504 Virginiu
922 3447 1078 3509 gente
1101 3441 1331 3504 reperia-

276 3528 378 3580 tur3
400 3521 545 3571 Lucii
561 3527 736 3570 nutem
752 3518 1188 3583 frequentissime.
1223 3520 1328 3569 Ac-

277 3596 409 3647 cedit
444 3598 583 3662 quod
618 3595 859 3661 sequenti
892 3608 1026 3644 anno
1048 3594 1216 3657 inquit
1240 3595 1326 3644 Li·

276 3673 380 3727 vius
403 3688 450 3723 c.
473 3677 555 3723 11.
586 3679 603 3702 ⁴
622 3674 982 3736 Fortunaque
1012 3671 1076 3721 L.
1102 3672 1325 3736 Virginii

277 3764 333 3800 ao
354 3749 448 3801 Μ’.
467 3750 636 3813 Sergii
655 3749 725 3799 sit
747 3754 1051 3799 exsecratus
1067 3747 1100 3808 ς’
1121 3762 1235 3797 cuni
1258 3747 1325 3799 de

275 3827 363 3876 boc
385 3829 643 3890 loquatur.
664 3824 834 3888 Sigon.
881 3824 946 3881 Q.
960 3824 1182 3874 Fulviani
1196 3823 1325 3873 Lov.

278 3906 323 3952 4.
356 3900 412 3954 Τ.
432 3903 692 3954 Servilium
712 3902 853 3953 Flor.
894 3901 1101 3952 Deinde
1124 3901 1188 3950 Ρ.
1213 3901 1325 3952 Vir·

277 3980 449 4040 guium
476 3981 632 4031 Voss.
674 3983 721 4031 l.
762 3978 910 4029 Leid.
942 3983 994 4029 2.
1029 3979 1152 4028 Lov.
1183 3982 1234 4028 4.
1272 3985 1323 4029 6.

281 4054 415 4107 Harl.
433 4061 482 4107 2.
504 4058 656 4106 Port.
678 4056 817 4106 Hav.
837 4063 893 4106 et
913 4052 1128 4105 Hearnii
1152 4054 1324 4107 Oxou.

283 4132 336 4181 L.
370 4136 423 4184 1.
441 4134 504 4183 B.
540 4139 595 4184 et
629 4133 703 4184 N.
754 4131 821 4182 P.
850 4131 956 4181 Vir.
988 4130 1136 4180 Voss.
1157 4133 1208 4180 2.
1257 4130 1324 4183 P.

287 4206 514 4271 V’gi-ium
535 4210 670 4263 Lov.
696 4214 745 4259 1.
766 4208 861 4267 51³,
894 4209 1170 4270 Verginium
1192 4209 1321 4259 Lov.

275 4287 316 4336 3.
348 4293 404 4341 ,et
430 4287 574 4362 mor.
624 4288 696 4342 Ρ.
723 4284 1026 4349 ιῑ”ει“3·ίιιιίιηι
1061 4285 1329 4365 Maniliunt

2319 378 2492 445 '7551

1435 530 1655 582 Gaertn.
1675 531 1757 582 Pl.
1774 529 2039 594 Vergilium
2058 529 2204 582 Leid.
2225 534 2270 581 1.
2290 536 2346 581 et
2361 532 2494 584 Lov.

1432 611 1483 656 2.
1527 608 1613 658 Pl.
1645 606 1918 670 Virginitas
1938 608 2086 659 Harl.
2108 613 2155 659 1.
2198 610 2263 658 P.
2286 608 2350 660 L.
2380 608 2495 659 Vir·

1426 683 1616 745 gixtum
1647 683 1868 734 Hearnii
1905 685 2076 735 Oxou.
2111 684 2171 736 L.
2207 688 2274 735 2..
2324 685 2489 749 Cujus

1430 759 1600 810 codex
1636 761 1697 811 C.
1735 776 2035 826 praenomen
2073 761 2267 811 omisit.
2333 761 2489 812 Cete-

1431 851 1542 888 rum
1579 836 1719 902 quod
1754 837 2046 892 Glareanus
2078 837 2246 887 tribus
2269 838 2489 888 tribunis

1428 913 1786 963 consularibus
1824 914 2045 964 Servilio
2065 915 2335 972 Fidenatis,
2371 917 2490 965 Sul-

1429 989 1578 1051 picio.
1616 990 1876 1052 Camerini,
1914 996 1970 1040 et
2012 991 2194 1053 Sergio
2236 991 2491 1042 fidentis

1426 1068 1733 1130 cognomina
1757 1068 1994 1118 addenda
2017 1075 2247 1126 censeat,
2265 1084 2432 1133 eaque
2457 1084 2488 1120 a

1427 1144 1576 1192 Livio
1616 1144 1807 1194 omissa
1845 1159 1945 1193 non
1994 1150 2165 1209 putet,
2202 1146 2488 1209 praesertim

1425 1219 1516 1269 nbi
1539 1221 1872 1284 magistratus
1893 1229 2157 1282 creantur,
2188 1227 2369 1284 aperte
2390 1220 2489 1271 ful·

1425 1295 1571 1357 litur,
1586 1312 1737 1360 quum
1755 1297 1841 1346 vel
1865 1303 2075 1346 centnm
2091 1297 2346 1361 exemplis
2361 1311 2486 1348 con·

1423 1374 1639 1422 trarium
1658 1373 1833 1423 doceri
1859 1375 2040 1438 possit.
2073 1374 2229 1424 Certe
2252 1374 2485 1425 hocloco

1423 1449 1578 1497 etiam
1605 1449 1866 1512 Virginius
1896 1454 1952 1498 et
1977 1448 2205 1498 Manlius
2226 1448 2338 1498 sine
2360 1464 2485 1510 cog-

1422 1525 1715 1574 nominibus
1757 1532 2122 1583 memorantur,
2176 1525 2242 1576 de
2298 1525 2483 1589 quibus

1422 1601 1710 1651 Glareanus
1733 1601 1863 1651 nihil
1894 1601 2073 1662 addit;
2108 1617 2263 1666 quum
2288 1611 2484 1661 tamen,

1420 1678 1676 1727 Manlium
1716 1678 1731 1705 ‘
1758 1677 1908 1727 Vulsi
1945 1678 2259 1741 Capitolini’
2290 1693 2482 1742 cogno·

1421 1756 1556 1803 mina
1579 1754 1834 1819 babuisse,
1863 1769 1929 1803 ex
1968 1755 2139 1806 Fastis
2170 1757 2484 1821 Capitolinis

1419 1837 1619 1895 pateat.

1485 1909 1547 1964 Q.
1582 1908 1867 1972 Sulpicium,
1900 1907 1969 1957 Α.
2007 1908 2247 1959 Manlium
2281 1909 2479 1974 iterum]

1419 1987 1484 2042 Q.
1520 1985 1815 2051 Supplicium
1848 1985 2002 2035 Harl.
2024 1990 2074 2036 2.
2098 1992 2155 2036 et
2177 1986 2326 2036 Port.
2350 2002 2480 2052 quo·

1413 2063 1568 2113 modo
1585 2063 1827 2113 librarios
1844 2064 2034 2126 saepins
2057 2062 2224 2127 lapsos
2245 2076 2384 2126 esse,
2400 2064 2477 2112 vi-

1413 2139 1582 2189 dimus
1605 2139 1669 2189 ad
1696 2152 1782 2189 m.
1808 2142 1889 2189 10.
1917 2141 1947 2203 ς
1965 2144 2015 2188 6.
2078 2138 2250 2189 Voces
2274 2140 2338 2195 Q.
2361 2139 2480 2189 Sul-

1405 2215 1604 2278 picium,
1623 2218 1691 2267 Δ.
1718 2214 1909 2265 desunt
1932 2215 1984 2264 in
2008 2213 2157 2266 Leid.
2183 2218 2230 2265 l.
2253 2214 2404 2264 Voss.
2422 2219 2474 2264 2.

1412 2293 1541 2342 Lov.
1561 2296 1611 2344 2.
1633 2296 1682 2343 3.
1705 2295 1755 2341 4.
1779 2291 1931 2341 Harl.
1955 2295 2003 2340 1.
2029 2297 2085 2339 et
2101 2289 2320 2340 Gaertn.
2364 2289 2472 2341 Pro

1410 2370 1477 2419 Δ.
1509 2377 1588 2418 est
1626 2369 1701 2418 M.
1737 2369 1790 2417 in
1822 2367 1960 2418 Hav.
1991 2373 2048 2417 et
2074 2367 2345 2430 Manilium,
2379 2380 2476 2429 pro

1408 2445 1665 2507 Manlium,
1684 2444 1734 2494 in
1751 2444 1889 2499 Elor.
1903 2444 2051 2494 Voss.
2066 2449 2306 2508 utroque,
2327 2442 2476 2493 Leid.

1412 2527 1458 2574 l.
1501 2523 1628 2572 Lov.
1668 2522 1911 2587 quinque,
1952 2520 2178 2573 Gaertn.
2221 2526 2279 2569 et
2332 2519 2474 2570 Har.

1409 2600 1547 2650 Vide
1568 2598 1634 2649 ad
1656 2612 1852 2650 xxxw.
1883 2602 1967 2649 58.
1998 2601 2028 2663 ς
2063 2602 2112 2647 2.
2156 2596 2395 2646 Manlium
2418 2596 2474 2646 in

1409 2677 1561 2727 Harl.
1582 2681 1633 2728 2.
1698 2676 1824 2741 Ejus
1863 2676 2004 2738 prior
2036 2673 2329 2725 tribunatus
2361 2686 2476 2725 me-⁸

1407 2762 1640 2811 moratur
1655 2766 1737 2803 w.
1757 2756 1841 2803 61.
1858 2753 1888 2815 ς
1912 2755 1963 2800 1.
1982 2748 2072 2799 nbi
2095 2750 2148 2799 in
2176 2763 2474 2813 prenomen

1403 2832 1563 2881 Aulus
1596 2829 1932 2881 consentiunt
1963 2825 2167 2890 scripti,
2187 2826 2237 2877 in
2260 2825 2470 2876 nomine

1405 2922 1532 2958 vero
1547 2906 1707 2957 etiam
1730 2904 1951 2955 variant.

1470 2984 1694 3034 Manium·
1732 2980 1959 3043 Sergium
1993 2978 2193 3043 iterun]
2244 2978 2474 3031 Marem.

1405 3061 1629 3112 Servium
1664 3057 1925 3122 Sulpitinm
1956 3055 2134 3106 iterun
2153 3056 2304 3106 Voss.
2324 3059 2375 3105 2.
2410 3060 2470 3105 et

1406 3139 1535 3188 Lov.
1564 3141 1615 3187 3.
1662 3136 1741 3186 Μ.
1764 3133 1985 3186 Servium
2004 3131 2274 3195 Sulpicius·
2290 3132 2468 3182 iterum

1405 3215 1534 3264 Lov.
1554 3218 1605 3265 2.
1627 3218 1682 3263 et
1705 3210 1853 3262 Leid.
1874 3214 1921 3260 l.
1954 3209 2031 3260 Μ.
2055 3208 2281 3272 Sergium
2302 3207 2465 3271 Sulpi·

1402 3290 1527 3340 oium
1548 3289 1722 3340 iterum
1739 3287 1870 3339 LoV.
1888 3291 1939 3337 4.
1985 3285 2210 3335 Marcum
2241 3284 2466 3347 Sergium

1403 3367 1670 3431 Sulpicium
1701 3365 1877 3415 iterum
1910 3363 2063 3414 Harl.
2105 3366 2153 3413 1.
2187 3369 2244 3412 et
2266 3363 2395 3411 Lov.
2416 3367 2464 3411 1.

1402 3444 1625 3493 Marcam
1646 3441 1871 3504 Sergium
1887 3440 2063 3490 iterum
2094 3438 2243 3491 Leid.
2277 3442 2328 3489 2.
2382 3439 2463 3487 Μ.

1401 3519 1623 3582 Sergium
1643 3519 1818 3567 iterum
1838 3516 1965 3564 Lov.
1984 3520 2035 3563 6.
2066 3515 2216 3564 Port.
2243 3521 2298 3563 et
2320 3513 2462 3563 HaV.

1401 3596 1525 3653 Sed,
1539 3595 1632 3644 Μ’.
1650 3595 1759 3643 sive
1773 3591 1995 3641 Manium
2012 3589 2241 3651 Sergium
2261 3588 2462 3638 dictum

1400 3687 1532 3737 esse,
1555 3677 1760 3722 constat
1774 3684 1842 3719 ex
1865 3667 2035 3717 Fastis
2059 3664 2385 3729 Capitolinis,
2403 3666 2460 3715 in

1398 3750 1582 3815 quibus
1606 3755 1825 3798 vocatur
1846 3744 1925 3795 Μ’.
1962 3734 2204 3793 snaivs.
2239 3754 2287 3791 1..
2321 3755 2371 3792 r.
2408 3755 2458 3794 1..

1400 3840 1458 3878 κ.
1498 3836 1753 3878 tinnulis.
1830 3819 2040 3893 Inducti
2077 3818 2277 3868 librarii
2314 3832 2459 3882 saepe

1398 3905 1618 3965 Marcus,
1654 3914 1750 3965 pro
1783 3896 2003 3958 Manius,
2032 3901 2089 3944 et
2116 3893 2196 3943 Μ.
2229 3908 2326 3959 pro
2362 3893 2464 3945 Μ’.

1396 3980 1736 4042 scripserunt.
1800 3972 1939 4023 Vide
1961 3971 2026 4020 ad
2046 3984 2233 4021 xxvn.
2247 3976 2330 4021 26.
2353 3972 2382 4035 ς
2403 3974 2457 4021 2.

1404 4108 1413 4115 ,
1462 4057 1493 4119 ς
1514 4059 1547 4104 2
1571 4053 1856 4114 Negla-tm
1871 4047 2069 4100 Anxuri
2083 4047 2360 4111 prandium
2378 4061 2460 4097 vu·

1392 4131 1670 4195 gationibns
1691 4128 1921 4191 militum]
1972 4125 2093 4176 Non
2115 4131 2454 4181 contemnen-

1396 4211 1518 4259 dum
1541 4205 1877 4259 erratumibic
1900 4208 1999 4253 est.
2035 4201 2352 4266 ,Lugendum
2369 4218 2458 4255 ow.

1393 4285 1657 4337 cationibns
1676 4282 1903 4334 militum.-
1924 4280 2022 4332 boc
2041 4287 2142 4344 est,
2163 4279 2454 4331 immunita-
