2934 4925
758 410 827 458 τ.
875 404 1063 459 mvn
1114 408 1310 459 msr.
1356 409 1502 460 me.
1548 409 1650 459 v1.
1695 407 1856 459 οη.
1896 392 2006 460 20.

274 553 417 606 vide
439 552 592 605 Deir.
614 551 812 603 Comm.
830 551 897 604 ad
918 553 1102 604 Senec.
1124 552 1344 618 Hippoi.

276 647 356 681 vs.
379 635 525 683 1274.
550 631 685 681 viros
706 630 890 682 doctos
907 631 973 680 sd
992 631 1105 683 Cic.
1124 632 1189 680 de
1204 630 1344 680 Ami·

274 710 371 758 cit.
393 725 442 760 c.
463 714 546 759 21.
584 709 724 773 Lips.
760 716 815 758 et
850 708 1065 759 Picben.
1085 708 1150 756 ad
1173 707 1342 758 Tacit.

273 785 423 836 Hist.
453 800 518 837 11.
541 791 624 836 59.
664 785 919 852 Ryckinm
938 786 1005 836 ad
1023 786 1189 836 Tacit.
1209 783 1344 835 Anu.

221 889 229 895 ·
274 876 399 913 xrv.
420 867 504 913 22.
554 862 821 913 Gebhard.
866 862 930 913 ad
977 877 1056 913 vr.
1090 867 1174 913 26.
1210 864 1237 928 §
1263 867 1342 913 10.

269 938 551 988 Dukernm
578 939 640 988 ad
665 939 908 989 Flori'rv.
935 944 1014 990 12.
1036 943 1066 1005 §
1093 943 1169 988 12.
1217 941 1340 990 Cor·

269 1014 404 1079 tium
447 1015 512 1065 ad
555 1017 679 1065 Sall.
700 1016 825 1079 Jug.
855 1031 903 1066 c.
931 1021 1008 1067 13.
1041 1020 1139 1082 96.
1205 1016 1340 1066 Vide

269 1092 455 1154 etiam,
479 1107 595 1157 quae
620 1098 800 1142 notata
820 1098 941 1143 snnt
961 1092 1025 1142 ud
1050 1107 1111 1142 ιι.
1131 1097 1212 1143 52.
1237 1094 1265 1157 §
1286 1098 1336 1143 5.

268 1177 326 1215 et
353 1167 681 1218 notabuntur
699 1166 763 1216 ad
778 1169 1041 1240 vlu-3:⁴2&
1062 1172 1143 1218 17.
1179 1169 1337 1218 Dein-

266 1241 337 1292 de
382 1245 557 1292 citatos
598 1244 727 1292 Lov-
768 1249 814 1294 1.
855 1249 907 1294 4.
939 1248 987 1292 5.
1038 1245 1187 1294 Voss.
1212 1249 1258 1294 l.
1281 1251 1337 1295 et

265 1317 420 1369 Leid.
445 1323 494 1368 2.
545 1318 630 1367 Ita
653 1325 708 1367 et
729 1319 853 1368 alibi
878 1327 1163 1383 peccarunt
1181 1320 1337 1370 libra·

264 1393 348 1443 rii.
425 1395 554 1444 Vide
579 1393 644 1444 ad
670 1408 733 1444 11.
755 1398 839 1444 64.
861 1398 889 1462 §
908 1401 957 1445 2.
1023 1395 1150 1446 Mox
1186 1397 1335 1446 deice·

263 1476 400 1528 rent,
438 1486 533 1535 pro
571 1468 853 1535 dejecerunt,
887 1471 1048 1522 Leidi
1059 1477 1110 1523 2.
1131 1480 1185 1523 et
1211 1473 1337 1523 Lov.

265 1551 312 1595 1.
341 1563 375 1597 a
403 1561 471 1596 m.
496 1562 575 1610 pr.
608 1548 811 1608 dejecere
835 1563 865 1597 a
888 1564 956 1598 m.
981 1562 1086 1599 sec.

330 1622 577 1686 Locusque
596 1624 720 1674 idem
741 1625 795 1673 in
824 1639 916 1674 uno
952 1625 1140 1675 homine
1162 1629 1208 1676 et
1230 1625 1336 1675 exi·

260 1701 378 1748 miae
439 1701 611 1761 gloriae
672 1700 1028 1766 monimentum]
1094 1700 1336 1765 lacusque

258 1779 403 1840 deiri,
458 1779 784 1842 transpositis
835 1779 1021 1840 literis,
1079 1780 1222 1828 Port.
1278 1786 1334 1829 et

261 1853 408 1905 Hav.
444 1868 508 1903 ex
549 1870 650 1918 quo
688 1857 899 1919 locusque
937 1856 1107 1907 deinde
1139 1854 1332 1906 factum

261 1936 349 1979 est
382 1931 436 1979 i'n
480 1929 629 1997 Harl.
654 1935 703 1981 2.
741 1933 956 1995 locusque
975 1933 1163 1996 quidem
1189 1932 1334 1983 Leid.

258 2009 308 2054 2.
339 2013 396 2055 et
419 2005 549 2056 Lov,
568 2011 612 2056 1.
636 2007 891 2070 quomodo
918 2014 972 2057 et
991 2007 1112 2057 alibi
1140 2007 1334 2058 librarii

259 2081 402 2144 lapsi
451 2089 589 2131 sunt.
669 2082 803 2132 Vide
846 2083 1007 2132 Corte
1062 2084 1128 2132 ad
1176 2084 1331 2134 Plinii

258 2157 440 2222 Epist.
461 2172 545 2208 nr.
566 2162 648 2209 20.
668 2161 697 2224 ξ
714 2164 765 2209 2.
813 2158 875 2208 Id
899 2165 1072 2208 autem
1094 2160 1192 2210 hoe
1217 2160 1333 2211 loco

261 2242 415 2285 tanto
441 2235 653 2299 pronius
676 2235 801 2299 ipsis
827 2234 926 2284 fnit
948 2235 1015 2285 ob
1037 2232 1333 2286 similitudi·

262 2325 388 2361 nem
416 2313 771 2376 praecedentis
796 2313 993 2362 vocnlae
1013 2314 1119 2376 que.
1174 2313 1333 2363 Dein-

259 2389 330 2438 de
359 2394 409 2438 et
436 2389 610 2451 glorioe
628 2389 836 2453 eximioe,
858 2390 1010 2439 aliter
1034 2390 1333 2453 compositis

261 2466 559 2527 vocabulis,
583 2466 731 2516 Harl.
753 2471 803 2516 2.
873 2468 1146 2517 Praeterea
1177 2468 1332 2517 muni·

257 2546 475 2602 mentum
497 2542 720 2599 Gaertn.
787 2543 868 2592 De
894 2543 990 2592 hoe
1014 2557 1190 2592 errore
1212 2544 1330 2593 ride

259 2620 327 2667 ad
364 2632 444 2668 ιν.
470 2623 550 2668 10.
574 2620 601 2683 §
624 2623 673 2669 6.
708 2624 1052 2669 monumentum
1096 2619 1332 2670 scribunt

258 2694 409 2743 Flor.
429 2693 581 2743 Voss.
597 2694 761 2751 ambo,
784 2695 929 2745 Leid.
946 2696 1115 2753 ambo,
1139 2696 1328 2745 Lov.3.

255 2774 309 2820 4.
339 2777 393 2820 5.
417 2770 557 2821 Hav.
576 2768 763 2836 fragm.
785 2771 925 2822 Har.
948 2780 1003 2822 et
1032 2772 1151 2822 edd.
1177 2772 1329 2822 Rom.

256 2851 354 2904 147
359 2852 409 2896 2.
425 2847 600 2896 Parm.
612 2863 673 2898 ae
687 2848 918 2914 quaedam
937 2849 1068 2912 aliae.
1084 2849 1328 2899 Ceterum

253 2923 401 2973 hune
435 2924 603 2973 locum
641 2926 918 2987 expressit,
941 2925 1074 2975 utin
1097 2925 1328 2989 margine

256 2999 397 3050 Livii
414 3000 452 3051 J
457 3014 536 3049 ac.
554 3000 853 3050 Perizonius
872 3001 1185 3064 observavit,
1203 3001 1328 3051 Plu·

255 3075 431 3125 tarch.
454 3075 508 3124 in
533 3076 735 3126 camin.
755 3092 806 3140 p.
824 3082 937 3127 148.
971 3076 1063 3127 Τὸν
1086 3077 1229 3127 αὐτὸν
1246 3076 1329 3127 τό·

253 3168 350 3201 πον
387 3148 511 3213 ἔσχε
541 3151 619 3200 καὶ
653 3155 751 3202 τῶν
785 3152 1164 3216 εὐτυχεστάτων·
1179 3152 1330 3217 ἔργον

255 3226 336 3277 καὶ
356 3229 456 3276 τῶν
474 3227 715 3290 μεγίστων
732 3228 1049 3292 ἀτυχημάτων
1063 3232 1309 3292 μνημεῖον.

320 3309 350 3371 ξ
383 3311 444 3356 13
489 3307 587 3357 Ubi
628 3323 753 3359 nuuc
794 3311 919 3359 odes
959 3316 1101 3374 utque
1139 3311 1329 3377 officim

255 3386 475 3437 Monetae
513 3388 612 3452 est]
667 3387 807 3437 Vide
855 3388 1058 3439 Livium
1081 3401 1205 3446 ΝΠ.
1247 3391 1330 3439 28.

253 3460 527 3511 Plutarch.
544 3462 595 3511 in
622 3462 823 3513 Camill.
847 3468 1029 3528 p-148.
1063 3463 1127 3513 ot
1146 3461 1199 3512 δὲ
1218 3464 1326 3513 Ῥω-

253 3538 384 3596 μαῖοι
404 3535 498 3594 τὴν
517 3534 664 3586 οἰκίαν
683 3537 830 3588 αὐτοῦ
848 3537 1240 3602 κατασκάψαντες
1263 3538 1326 3588 te·

254 3616 337 3675 ρὸν
360 3610 608 3675 ἱδρύσαντο
629 3615 755 3678 asiis,
773 3613 834 3673 ἣν
856 3615 1085 3673 Μονῆταν
1106 3615 1326 3666 καλοῦσι.

256 3689 321 3738 In
360 3690 536 3739 verbis
578 3691 843 3754 praecedd.
879 3707 994 3753 una,
1030 3708 1134 3755 quoe
1168 3708 1328 3757 quum,

258 3779 377 3827 pro¹
399 3780 513 3823 una,
557 3767 681 3829 quod
720 3782 877 3831 quum,
921 3766 1165 3818 obferunt
1206 3766 1326 3817 edd.

257 3847 392 3890 vett.
441 3855 572 3906 quas
615 3843 744 3905 vidi,
792 3859 955 3908 usque
997 3844 1065 3893 ad
1107 3842 1326 3912 Medioi.

258 3921 404 3967 1505.
425 3932 543 3982 quae
568 3918 663 3976 ita,
696 3926 754 3969 ut
790 3934 924 3970 nune
946 3920 1138 3982 editur,
1161 3918 1328 3976 dedit,

259 3993 650 4044 succinentibns
673 3995 909 4045 omnibns
933 3997 1164 4060 scriptis.
1196 4000 1329 4048 Post

259 4084 374 4120 eam
398 4070 731 4121 nihilominus
757 4072 1022 4137 vulgatum
1048 4071 1326 4123 Ascensius

257 4146 505 4205 servavit,
540 4145 837 4209 Mogontini
874 4162 985 4211 uun,
1021 4163 1113 4211 qun
1151 4146 1331 4196 edide-

258 4226 396 4269 runt.
469 4218 635 4270 Aldus
668 4221 873 4272 demum
908 4230 1049 4272 recte
1075 4221 1331 4285 praeeunti

260 4294 680 4363 obtemperavitz
715 4304 771 4351 et
791 4297 927 4350 hune
957 4298 1192 4365 plerique
1215 4295 1330 4349 reli-

2305 394 2477 462 ‘7973

1418 553 1505 618 qui
1528 554 1695 605 secuti
1719 560 1858 606 sunt.

1483 631 1658 682 Lutum
1675 633 1736 681 ud
1763 631 1983 694 populum
2010 637 2100 692 est,
2120 646 2179 681 ne
2199 633 2305 696 quis
2319 634 2477 697 petri·

1415 707 1517 757 eius
1536 708 1588 758 in
1608 723 1718 758 arce
1737 714 1819 758 aut
1838 708 2075 771 Capitolio
2093 709 2354 772 habitaret]
2376 709 2476 759 Le·

1416 788 1516 832 tum
1535 790 1624 843 est,
1649 785 1831 836 mediis
1854 785 2066 835 vocibus
2090 786 2309 849 omissis,
2329 787 2475 836 Leid.

1415 864 1464 909 2.
1488 869 1542 913 et
1567 863 1689 912 Lov.
1711 867 1757 913 1.
1825 862 2029 912 Deinde
2065 862 2117 910 in
2153 876 2262 912 arce
2300 869 2386 912 aut
2421 865 2482 913 in.

1418 936 1651 999 Capitolio
1669 938 1814 988 Harl.
1834 941 1884 988 2.
1902 938 2040 988 Hav.
2053 946 2107 987 et
2128 937 2313 1002 fragm.
2335 939 2471 989 Har.

1416 1027 1537 1062 am.
1570 1027 1676 1065 see.
1743 1015 1829 1064 lta
1867 1014 2072 1079 quidem
2110 1015 2287 1064 Livius
2324 1029 2470 1079 saepe

1413 1088 1552 1154 loqui
1578 1091 1783 1140 amavit.
1843 1089 1980 1139 Vide
1999 1091 2098 1140 hoe
2120 1090 2205 1140 lib.
2229 1091 2294 1139 ad
2318 1105 2365 1142 e.
2386 1094 2469 1143 28.

1413 1166 1441 1229 §
1480 1169 1530 1214 6.
1602 1166 1707 1216 Hie
1751 1173 1920 1215 tamen
1964 1167 2223 1230 vulgatum
2259 1172 2472 1215 tuentur
2510 1206 2515 1211 .

1411 1240 1565 1291 codd.
1601 1243 1855 1292 meliores.
1922 1242 2071 1292 Idem
2105 1251 2297 1306 nutem,
2333 1243 2471 1307 qnod

1412 1318 1609 1377 Livius,
1643 1320 1801 1369 etiam
1826 1317 1991 1368 refert
2027 1319 2167 1368 Plut.
2191 1319 2243 1368 in
2268 1320 2470 1369 Camili-

1413 1408 1466 1457 ρ.
1494 1399 1604 1446 148.
1653 1396 1718 1445 Τὸ
1755 1394 1921 1445 λοιπὸν
1951 1389 2259 1459 ἐψηφίσαντο.
2293 1394 2471 1456 μηδένα

1409 1471 1505 1518 τῶν
1523 1470 1778 1535 πατρικίων
1799 1470 1874 1520 ἐπὶ
1893 1472 1981 1530 τῆς
2000 1470 2146 1535 ἄκρας
2164 1473 2414 1525 κατοικεῖν.

1476 1549 1504 1611 §
1532 1551 1590 1597 14
1628 1548 1768 1604 Quod
1814 1548 1978 1610 gentis
2028 1547 2233 1597 Manlioe
2283 1549 2468 1597 decreto

1408 1628 1597 1673 cuntem
1614 1629 1706 1684 est,
1719 1638 1778 1674 ne
1799 1625 1904 1688 quis
1917 1621 2109 1684 deinde]
2131 1623 2330 1679 Quidem
2347 1637 2467 1684 gen·

1407 1701 1475 1749 tis
1498 1700 1635 1751 HnV.
1701 1701 1837 1752 Tum
1864 1701 2029 1764 gentis
2053 1701 2252 1750 Manlioe
2281 1702 2466 1750 decreto

1408 1784 1587 1843 quoque
1622 1784 1812 1828 cnutum
1844 1784 1934 1842 est,
1967 1778 2143 1829 addita
2185 1791 2284 1826 una
2318 1792 2464 1837 voce,

1410 1857 1557 1906 Leid.
1592 1861 1643 1906 2.
1705 1857 1914 1907 Deinde
1937 1861 2096 1906 cutum
2131 1860 2205 1905 est
2243 1853 2392 1904 Harl.
2418 1859 2466 1903 1.
2560 1897 2565 1901 .

1406 1938 1594 1997 coptum
1615 1938 1689 1983 est
1727 1935 1852 1985 Lov.
1877 1937 1924 1982 1.
1993 1932 2232 1995 Denique
2268 1944 2327 1979 ne
2361 1930 2467 1993 quis

1406 2010 1517 2060 iude
1559 2010 1713 2059 Voss.
1749 2014 1797 2060 2.
1841 2016 1896 2058 et
1937 2008 2087 2058 Harl.
2121 2012 2171 2057 2.
2235 2007 2373 2056 Vide
2397 2005 2463 2054 ad

1407 2098 1611 2135 xxxvr.
1629 2089 1759 2151 24.§
1786 2090 1864 2134 10.
1913 2083 2016 2134 Sed
2041 2084 2273 2133 voculam
2296 2081 2465 2130 ddude

1406 2163 1664 2225 ignorant,
1687 2177 1813 2228 quas
1852 2161 2103 2214 consului.
2143 2159 2261 2208 edd.
2301 2171 2463 2222 usque

1404 2239 1469 2287 ad
1493 2237 1703 2300 Aldum‚
1727 2238 1815 2303 qui
1839 2239 2030 2301 primus
2049 2234 2258 2298 adjecit.

1467 2315 1666 2365 Murcus
1686 2315 1903 2364 Manlius
1922 2313 2187 2374 vocaretur]
2222 2310 2328 2360 Alii
2366 2309 2466 2358 tol·

1403 2394 1519 2444 lunt
1558 2407 1743 2442 nomen
1789 2393 2022 2442 Manlius.
2111 2392 2220 2453 Ego
2266 2395 2463 2439 tantum

1402 2472 1842 2537 transponendum
1882 2470 2107 2534 putarim
2143 2468 2245 2517 levi
2289 2481 2461 2517 emen·

1402 2547 1703 2597 datiuncuia
1736 2547 1932 2595 Marcus
1966 2544 2168 2594 Manliis
2197 2548 2464 2593 vocaretur.

1401 2623 1556 2673 Grut.
1613 2624 1757 2673 Nihil
1778 2621 2098 2674 mutantibus
2123 2620 2267 2670 libris
2291 2621 2465 2682 vulga·

1402 2706 1509 2749 tum
1534 2700 1730 2748 servari
1769 2712 1920 2762 posse
1945 2702 2091 2760 puto.
2157 2697 2228 2745 Et
2257 2696 2330 2745 its
2351 2696 2462 2745 Cic.

1401 2778 1562 2828 etiam
1616 2776 1819 2826 locutus
1876 2781 1958 2824 est
2015 2773 2241 2836 Philipp.
2297 2783 2336 2821 r.
2381 2776 2462 2821 18.

1399 2854 1416 2882 ⁸
1443 2855 1672 2916 Propter
1695 2851 1842 2900 unius
1866 2850 1944 2900 Μ.
1962 2848 2147 2897 Manlii
2168 2848 2353 2903 scelus,
2375 2846 2464 2896 de·

1400 2936 1547 2979 creto
1570 2928 1738 2992 gentis
1760 2926 1991 2981 Manum,
2016 2924 2273 2974 neminem
2303 2922 2465 2984 patri·

1400 3004 1537 3053 cium
1560 3003 1639 3051 M.
1661 3001 1913 3051 Manlium
1944 2998 2116 3048 vocari
2150 2996 2327 3048 licetz'
2360 2996 2464 3057 nbi,

1402 3086 1535 3128 teste
1560 3079 1818 3133 Fert-ario,
1842 3077 1895 3125 in
1925 3073 2135 3138 scriptis
2169 3080 2283 3122 erat
2312 3071 2464 3136 putri-

1398 3156 1527 3208 cium
1548 3155 1785 3205 Manlium
1805 3152 1986 3213 vocari,
2009 3150 2147 3200 unde
2169 3150 2280 3213 ipse
2309 3149 2464 3213 pem·-

1399 3232 1525 3281 oium
1546 3230 1770 3280 Marcum
1795 3228 1954 3278 vocari
1975 3225 2300 3287 emendabat,
2333 3225 2463 3275 Gui-

1401 3307 1624 3357 lielmins
1644 3306 1851 3355 vocibus
1869 3303 2194 3366 transpositis
2210 3300 2466 3365 patricium

1402 3384 1645 3433 Manlium
1664 3382 1888 3431 Murcum
1907 3381 2068 3431 vocari
2100 3378 2253 3442 apud.
2269 3378 2464 3428 Grute-

1402 3476 1514 3510 rum
1537 3460 1766 3524 legebat.
1817 3460 1990 3510 Quum
2014 3464 2188 3507 nutem
2209 3456 2464 3508 Gruterus

1400 3538 1484 3587 hie
1512 3537 1615 3586 levi
1648 3533 2099 3586 emendatinncula
2122 3539 2465 3594 transponen-

1401 3615 1522 3664 dum
1547 3614 1706 3671 dicat,
1724 3611 1963 3662 similiter
1980 3615 2034 3658 et
2056 3610 2106 3657 in
2125 3608 2272 3661 Livio
2290 3608 2464 3669 legem
2566 3649 2573 3657 ,

1401 3691 1520 3740 dum
1544 3689 1805 3739 censuisse
1827 3687 2052 3748 videtur,
2071 3684 2163 3734 sed
2190 3697 2465 3746 perperam

1402 3764 1594 3815 deinde
1617 3766 1816 3814 Marcus
1839 3762 2039 3812 Manliis
2072 3759 2350 3820 addidisse,
2372 3773 2466 3822 pro

1402 3842 1622 3892 Manlius
1662 3840 1876 3892 Marcus.
1960 3837 2150 3886 Verum
2195 3847 2366 3899 neque
2413 3835 2468 3883 in

1402 3918 1519 3969 Cic.
1545 3916 1736 3981 aliquid
1760 3912 2105 3964 innovandum
2131 3918 2278 3975 puto.
2331 3910 2466 3961 Nam

1400 3994 1456 4042 in
1499 3993 1628 4041 Mss.
1670 3990 1787 4046 inis,
1831 4003 1959 4054 quos
2004 3986 2269 4037 Ferrarius
2315 3985 2465 4042 vidit,

1402 4080 1700 4132 prenomen
1719 4064 1904 4115 Manlii
1921 4063 2138 4119 Murcus,
2155 4061 2292 4127 qno'd
2315 4061 2467 4112 unica

1403 4145 1561 4195 litera
1584 4143 1658 4191 Μ.
1682 4142 1846 4191 notari
1878 4141 2030 4201 solet,
2063 4138 2261 4188 excidit
2291 4138 2468 4201 negle-

1404 4220 1583 4283 gentia
1616 4218 1961 4277 librariorum,
1993 4217 2231 4281 quoniam
2264 4229 2363 4264 vox
2386 4227 2463 4263 se·

1404 4310 1569 4363 quens
1589 4295 1830 4348 similiter
1851 4310 1881 4347 a
1903 4295 2060 4345 litera
2073 4294 2149 4346 M.
2167 4290 2471 4364 incipiebat.
