<?xml version="1.0" encoding="UTF-8"?>
<!DOCTYPE html PUBLIC "-//W3C//DTD XHTML 1.0 Transitional//EN"
    "http://www.w3.org/TR/xhtml1/DTD/xhtml1-transitional.dtd">
<html xmlns="http://www.w3.org/1999/xhtml" xml:lang="en" lang="en">
 <head>
  <title>
</title>
<meta http-equiv="Content-Type" content="text/html;charset=utf-8" />
  <meta name='ocr-system' content='tesseract 3.04.00' />
  <meta name='ocr-capabilities' content='ocr_page ocr_carea ocr_par ocr_line ocrx_word'/>
</head>
<body>
  <div class='ocr_page' id='page_1' title='image "./tliviipatavinih12unkngoog_0584.png"; bbox 0 0 2934 4925; ppageno 0'>
   <div class='ocr_carea' id='block_1_1' title="bbox 488 390 663 457">
    <p class='ocr_par' dir='ltr' id='par_1_1' title="bbox 488 390 663 457">
     <span class='ocr_line' id='line_1_1' title="bbox 488 390 663 457; baseline 0.011 -1"><span class='ocrx_word' id='word_1_1' title='bbox 488 390 663 457; x_wconf 77' lang='lat'><strong>8092</strong></span> 
     </span>
    </p>
   </div>
   <div class='ocr_carea' id='block_1_2' title="bbox 441 550 1548 4427">
    <p class='ocr_par' dir='ltr' id='par_1_2' title="bbox 487 550 931 614">
     <span class='ocr_line' id='line_1_2' title="bbox 487 550 931 614; baseline 0 -14"><span class='ocrx_word' id='word_1_2' title='bbox 487 551 553 600; x_wconf 77' lang='lat' dir='ltr'><strong>ad</strong></span> <span class='ocrx_word' id='word_1_3' title='bbox 590 562 677 599; x_wconf 84' lang='lat'><strong>111.</strong></span> <span class='ocrx_word' id='word_1_4' title='bbox 714 553 797 600; x_wconf 83' lang='grc'><strong>17.</strong></span> <span class='ocrx_word' id='word_1_5' title='bbox 830 550 931 614; x_wconf 58' lang='grc'><strong>95.</strong></span> 
     </span>
    </p>

    <p class='ocr_par' dir='ltr' id='par_1_3' title="bbox 473 622 1548 1755">
     <span class='ocr_line' id='line_1_3' title="bbox 552 622 1548 688; baseline -0.003 -14"><span class='ocrx_word' id='word_1_6' title='bbox 552 626 773 675; x_wconf 77' lang='lat' dir='ltr'><strong>Maximo</strong></span> <span class='ocrx_word' id='word_1_7' title='bbox 790 625 1022 688; x_wconf 75' lang='lat' dir='ltr'><strong>privatim</strong></span> <span class='ocrx_word' id='word_1_8' title='bbox 1043 624 1264 688; x_wconf 74' lang='lat' dir='ltr'><strong>periculo,</strong></span> <span class='ocrx_word' id='word_1_9' title='bbox 1285 623 1412 672; x_wconf 71' lang='lat' dir='ltr'><strong>nullo</strong></span> <span class='ocrx_word' id='word_1_10' title='bbox 1430 622 1548 685; x_wconf 67' lang='lat' dir='ltr'><strong>pub-</strong></span> 
     </span>
     <span class='ocr_line' id='line_1_4' title="bbox 486 698 1548 763; baseline -0.002 -14"><span class='ocrx_word' id='word_1_11' title='bbox 486 699 576 749; x_wconf 78' lang='lat' dir='ltr'><strong>lico</strong></span> <span class='ocrx_word' id='word_1_12' title='bbox 611 700 939 763; x_wconf 74' lang='lat' dir='ltr'><strong>emolumento]</strong></span> <span class='ocrx_word' id='word_1_13' title='bbox 974 701 1110 751; x_wconf 69' lang='lat' dir='ltr'><strong>Pan.</strong></span> <span class='ocrx_word' id='word_1_14' title='bbox 1148 703 1194 749; x_wconf 86' lang='lat'><strong>1.</strong></span> <span class='ocrx_word' id='word_1_15' title='bbox 1228 714 1289 749; x_wconf 81' lang='lat' dir='ltr'><strong>ac</strong></span> <span class='ocrx_word' id='word_1_16' title='bbox 1327 701 1376 748; x_wconf 72' lang='lat'><strong>3.</strong></span> <span class='ocrx_word' id='word_1_17' title='bbox 1419 698 1548 748; x_wconf 73' lang='lat' dir='ltr'><strong>nullo</strong></span> 
     </span>
     <span class='ocr_line' id='line_1_5' title="bbox 480 774 1546 841; baseline -0.006 -13"><span class='ocrx_word' id='word_1_18' title='bbox 480 776 667 841; x_wconf 71' lang='lat' dir='ltr'><strong>publice</strong></span> <span class='ocrx_word' id='word_1_19' title='bbox 689 779 822 826; x_wconf 77' lang='lat' dir='ltr'><strong>smol.</strong></span> <span class='ocrx_word' id='word_1_20' title='bbox 858 777 1027 828; x_wconf 84' lang='lat' dir='ltr'><strong>Gebh.</strong></span> <span class='ocrx_word' id='word_1_21' title='bbox 1094 776 1180 826; x_wconf 85' lang='lat' dir='ltr'><strong>Ita</strong></span> <span class='ocrx_word' id='word_1_22' title='bbox 1220 776 1372 825; x_wconf 79' lang='lat' dir='ltr'><strong>etiam</strong></span> <span class='ocrx_word' id='word_1_23' title='bbox 1407 774 1546 823; x_wconf 82' lang='lat' dir='ltr'><strong>Gro-</strong></span> 
     </span>
     <span class='ocr_line' id='line_1_6' title="bbox 480 851 1544 917; baseline -0.004 -14"><span class='ocrx_word' id='word_1_24' title='bbox 480 854 661 903; x_wconf 85' lang='lat' dir='ltr'><strong>novius</strong></span> <span class='ocrx_word' id='word_1_25' title='bbox 700 858 846 903; x_wconf 87' lang='grc'><strong>1665.</strong></span> <span class='ocrx_word' id='word_1_26' title='bbox 886 853 1072 916; x_wconf 83' lang='lat' dir='ltr'><strong>edidit,</strong></span> <span class='ocrx_word' id='word_1_27' title='bbox 1107 867 1263 917; x_wconf 85' lang='lat' dir='ltr'><strong>quem</strong></span> <span class='ocrx_word' id='word_1_28' title='bbox 1307 851 1544 916; x_wconf 75' lang='lat' dir='ltr'>plerique</span> 
     </span>
     <span class='ocr_line' id='line_1_7' title="bbox 482 926 1540 989; baseline -0.002 -12"><span class='ocrx_word' id='word_1_29' title='bbox 482 928 830 978; x_wconf 73' lang='lat' dir='ltr'><strong>recentiorum</strong></span> <span class='ocrx_word' id='word_1_30' title='bbox 878 929 1043 979; x_wconf 85' lang='lat' dir='ltr'><strong>secuti</strong></span> <span class='ocrx_word' id='word_1_31' title='bbox 1094 934 1231 977; x_wconf 88' lang='lat' dir='ltr'><strong>sunt.</strong></span> <span class='ocrx_word' id='word_1_32' title='bbox 1305 926 1540 989; x_wconf 86' lang='lat' dir='ltr'><strong>Hearne,</strong></span> 
     </span>
     <span class='ocr_line' id='line_1_8' title="bbox 483 1004 1540 1070; baseline -0.001 -16"><span class='ocrx_word' id='word_1_33' title='bbox 483 1006 571 1070; x_wconf 90' lang='lat' dir='ltr'><strong>qni</strong></span> <span class='ocrx_word' id='word_1_34' title='bbox 589 1006 775 1069; x_wconf 79' lang='lat' dir='ltr'><strong>publico</strong></span> <span class='ocrx_word' id='word_1_35' title='bbox 795 1007 1098 1055; x_wconf 72' lang='lat' dir='ltr'><strong>emolumento</strong></span> <span class='ocrx_word' id='word_1_36' title='bbox 1114 1004 1358 1066; x_wconf 78' lang='lat' dir='ltr'><strong>servavit,</strong></span> <span class='ocrx_word' id='word_1_37' title='bbox 1380 1010 1540 1053; x_wconf 82' lang='lat' dir='ltr'><strong>testa-</strong></span> 
     </span>
     <span class='ocr_line' id='line_1_9' title="bbox 484 1082 1539 1146; baseline 0 -15"><span class='ocrx_word' id='word_1_38' title='bbox 484 1090 589 1146; x_wconf 87' lang='lat' dir='ltr'><strong>tur,</strong></span> <span class='ocrx_word' id='word_1_39' title='bbox 623 1098 738 1133; x_wconf 83' lang='lat' dir='ltr'><strong>eam</strong></span> <span class='ocrx_word' id='word_1_40' title='bbox 775 1084 1047 1133; x_wconf 84' lang='lat' dir='ltr'><strong>lectionem</strong></span> <span class='ocrx_word' id='word_1_41' title='bbox 1079 1084 1133 1133; x_wconf 90' lang='lat' dir='ltr'><strong>in</strong></span> <span class='ocrx_word' id='word_1_42' title='bbox 1163 1084 1290 1132; x_wconf 82' lang='lat' dir='ltr'><strong>Mss.</strong></span> <span class='ocrx_word' id='word_1_43' title='bbox 1315 1082 1420 1131; x_wconf 88' lang='lat' dir='ltr'><strong>suis</strong></span> <span class='ocrx_word' id='word_1_44' title='bbox 1455 1096 1539 1131; x_wconf 82' lang='lat' dir='ltr'><strong>sn-</strong></span> 
     </span>
     <span class='ocr_line' id='line_1_10' title="bbox 479 1158 1540 1222; baseline -0.001 -15"><span class='ocrx_word' id='word_1_45' title='bbox 479 1171 708 1222; x_wconf 86' lang='lat' dir='ltr'><strong>peresse.</strong></span> <span class='ocrx_word' id='word_1_46' title='bbox 775 1158 848 1208; x_wconf 87' lang='lat' dir='ltr'><strong>At</strong></span> <span class='ocrx_word' id='word_1_47' title='bbox 879 1169 1064 1209; x_wconf 82' lang='lat' dir='ltr'><strong>contra</strong></span> <span class='ocrx_word' id='word_1_48' title='bbox 1090 1160 1273 1222; x_wconf 75' lang='lat' dir='ltr'><strong>publico</strong></span> <span class='ocrx_word' id='word_1_49' title='bbox 1293 1159 1430 1222; x_wconf 87' lang='lat' dir='ltr'><strong>apud</strong></span> <span class='ocrx_word' id='word_1_50' title='bbox 1454 1169 1540 1207; x_wconf 87' lang='lat' dir='ltr'><strong>me</strong></span> 
     </span>
     <span class='ocr_line' id='line_1_11' title="bbox 477 1234 1539 1284; baseline 0 -2"><span class='ocrx_word' id='word_1_51' title='bbox 477 1240 676 1284; x_wconf 81' lang='lat' dir='ltr'><strong>tantum</strong></span> <span class='ocrx_word' id='word_1_52' title='bbox 700 1241 874 1284; x_wconf 81' lang='lat' dir='ltr'><strong>exstat</strong></span> <span class='ocrx_word' id='word_1_53' title='bbox 904 1236 958 1284; x_wconf 88' lang='lat' dir='ltr'><strong>in</strong></span> <span class='ocrx_word' id='word_1_54' title='bbox 991 1235 1210 1284; x_wconf 65' lang='lat' dir='ltr'><strong>minimo</strong></span> <span class='ocrx_word' id='word_1_55' title='bbox 1238 1234 1359 1284; x_wconf 84' lang='lat' dir='ltr'><strong>fidei</strong></span> <span class='ocrx_word' id='word_1_56' title='bbox 1383 1234 1539 1284; x_wconf 88' lang='lat' dir='ltr'><strong>codd.</strong></span> 
     </span>
     <span class='ocr_line' id='line_1_12' title="bbox 476 1309 1536 1377; baseline 0 -18"><span class='ocrx_word' id='word_1_57' title='bbox 476 1309 628 1360; x_wconf 84' lang='lat' dir='ltr'><strong>Harl.</strong></span> <span class='ocrx_word' id='word_1_58' title='bbox 651 1315 701 1360; x_wconf 96' lang='grc'><strong>2.</strong></span> <span class='ocrx_word' id='word_1_59' title='bbox 741 1311 892 1360; x_wconf 88' lang='lat' dir='ltr'><strong>Port.</strong></span> <span class='ocrx_word' id='word_1_60' title='bbox 926 1318 982 1360; x_wconf 86' lang='lat' dir='ltr'><strong>et</strong></span> <span class='ocrx_word' id='word_1_61' title='bbox 1016 1310 1153 1361; x_wconf 83' lang='lat' dir='ltr'><strong>Hsv.</strong></span> <span class='ocrx_word' id='word_1_62' title='bbox 1171 1325 1326 1375; x_wconf 85' lang='lat' dir='ltr'><strong>quum</strong></span> <span class='ocrx_word' id='word_1_63' title='bbox 1350 1311 1536 1377; x_wconf 78' lang='lat' dir='ltr'>reliqui</span> 
     </span>
     <span class='ocr_line' id='line_1_13' title="bbox 476 1386 1537 1449; baseline 0 -14"><span class='ocrx_word' id='word_1_64' title='bbox 476 1393 778 1436; x_wconf 79' lang='lat' dir='ltr'><strong>constanter</strong></span> <span class='ocrx_word' id='word_1_65' title='bbox 820 1386 1046 1436; x_wconf 86' lang='lat' dir='ltr'><strong>habeant</strong></span> <span class='ocrx_word' id='word_1_66' title='bbox 1085 1387 1284 1449; x_wconf 73' lang='lat' dir='ltr'><strong>publice,</strong></span> <span class='ocrx_word' id='word_1_67' title='bbox 1323 1387 1406 1436; x_wconf 85' lang='lat' dir='ltr'><strong>cui</strong></span> <span class='ocrx_word' id='word_1_68' title='bbox 1445 1386 1537 1435; x_wconf 89' lang='lat' dir='ltr'><strong>ob·</strong></span> 
     </span>
     <span class='ocr_line' id='line_1_14' title="bbox 475 1462 1536 1527; baseline 0.001 -16"><span class='ocrx_word' id='word_1_69' title='bbox 475 1464 692 1527; x_wconf 85' lang='lat' dir='ltr'><strong>ponitur</strong></span> <span class='ocrx_word' id='word_1_70' title='bbox 723 1464 965 1527; x_wconf 73' lang='lat' dir='ltr'><strong>privatim.</strong></span> <span class='ocrx_word' id='word_1_71' title='bbox 1032 1463 1170 1513; x_wconf 87' lang='lat' dir='ltr'><strong>Vide</strong></span> <span class='ocrx_word' id='word_1_72' title='bbox 1204 1462 1269 1512; x_wconf 86' lang='lat' dir='ltr'><strong>ad</strong></span> <span class='ocrx_word' id='word_1_73' title='bbox 1306 1476 1383 1511; x_wconf 78' lang='lat' dir='ltr'><strong>iv.</strong></span> <span class='ocrx_word' id='word_1_74' title='bbox 1405 1464 1536 1527; x_wconf 72' lang='lat'><strong>1³.§</strong></span> 
     </span>
     <span class='ocr_line' id='line_1_15' title="bbox 473 1538 1533 1590; baseline 0 -1"><span class='ocrx_word' id='word_1_75' title='bbox 473 1545 523 1590; x_wconf 83' lang='lat'><strong>8.</strong></span> <span class='ocrx_word' id='word_1_76' title='bbox 588 1540 861 1590; x_wconf 78' lang='lat' dir='ltr'><strong>Praeteres</strong></span> <span class='ocrx_word' id='word_1_77' title='bbox 900 1543 1178 1590; x_wconf 71' lang='lat' dir='ltr'><strong>molumento</strong></span> <span class='ocrx_word' id='word_1_78' title='bbox 1218 1541 1356 1589; x_wconf 86' lang='lat' dir='ltr'><strong>Flor.</strong></span> <span class='ocrx_word' id='word_1_79' title='bbox 1427 1538 1533 1589; x_wconf 85' lang='lat' dir='ltr'><strong>Sed</strong></span> 
     </span>
     <span class='ocr_line' id='line_1_16' title="bbox 473 1615 1535 1681; baseline 0.003 -18"><span class='ocrx_word' id='word_1_80' title='bbox 473 1615 692 1678; x_wconf 79' lang='lat' dir='ltr'>primam</span> <span class='ocrx_word' id='word_1_81' title='bbox 737 1616 938 1665; x_wconf 79' lang='lat' dir='ltr'><strong>literam</strong></span> <span class='ocrx_word' id='word_1_82' title='bbox 984 1616 1125 1666; x_wconf 80' lang='lat' dir='ltr'><strong>elisit</strong></span> <span class='ocrx_word' id='word_1_83' title='bbox 1166 1617 1349 1681; x_wconf 80' lang='lat' dir='ltr'><strong>ultima</strong></span> <span class='ocrx_word' id='word_1_84' title='bbox 1393 1615 1535 1666; x_wconf 80' lang='lat' dir='ltr'><strong>vocis</strong></span> 
     </span>
     <span class='ocr_line' id='line_1_17' title="bbox 474 1690 1295 1755; baseline 0.005 -16"><span class='ocrx_word' id='word_1_85' title='bbox 474 1691 704 1754; x_wconf 53' lang='lat' dir='ltr'><strong>praeced.</strong></span> <span class='ocrx_word' id='word_1_86' title='bbox 756 1691 894 1740; x_wconf 84' lang='lat' dir='ltr'><strong>Vide</strong></span> <span class='ocrx_word' id='word_1_87' title='bbox 916 1690 979 1739; x_wconf 80' lang='lat' dir='ltr'><strong>ad</strong></span> <span class='ocrx_word' id='word_1_88' title='bbox 1005 1703 1071 1741; x_wconf 91' lang='grc' dir='ltr'><strong>ιι.</strong></span> <span class='ocrx_word' id='word_1_89' title='bbox 1090 1696 1171 1743; x_wconf 92' lang='grc'><strong>44.</strong></span> <span class='ocrx_word' id='word_1_90' title='bbox 1195 1694 1223 1755; x_wconf 80' lang='lat'>§</span> <span class='ocrx_word' id='word_1_91' title='bbox 1246 1697 1295 1743; x_wconf 96' lang='grc'><strong>6.</strong></span> 
     </span>
    </p>

    <p class='ocr_par' dir='ltr' id='par_1_4' title="bbox 462 1767 1535 2585">
     <span class='ocr_line' id='line_1_18' title="bbox 542 1767 1535 1830; baseline 0 -14"><span class='ocrx_word' id='word_1_92' title='bbox 542 1768 854 1818; x_wconf 66' lang='lat' dir='ltr'><strong>Comen-uisse</strong></span> <span class='ocrx_word' id='word_1_93' title='bbox 873 1767 979 1827; x_wconf 75' lang='lat' dir='ltr'><strong>jam</strong></span> <span class='ocrx_word' id='word_1_94' title='bbox 1009 1783 1163 1817; x_wconf 75' lang='lat' dir='ltr'><strong>seeum</strong></span> <span class='ocrx_word' id='word_1_95' title='bbox 1188 1773 1236 1817; x_wconf 76' lang='lat' dir='ltr'><strong>et</strong></span> <span class='ocrx_word' id='word_1_96' title='bbox 1262 1768 1535 1830; x_wconf 72' lang='lat' dir='ltr'><strong>rogationes</strong></span> 
     </span>
     <span class='ocr_line' id='line_1_19' title="bbox 467 1845 1532 1909; baseline 0.002 -16"><span class='ocrx_word' id='word_1_97' title='bbox 467 1847 810 1907; x_wconf 74' lang='lat' dir='ltr'><strong>promulgatos,</strong></span> <span class='ocrx_word' id='word_1_98' title='bbox 831 1851 878 1896; x_wconf 74' lang='lat' dir='ltr'><strong>ei</strong></span> <span class='ocrx_word' id='word_1_99' title='bbox 899 1846 997 1895; x_wconf 78' lang='lat' dir='ltr'><strong>vim</strong></span> <span class='ocrx_word' id='word_1_100' title='bbox 1014 1845 1216 1909; x_wconf 71' lang='lat' dir='ltr'><strong>omnem]</strong></span> <span class='ocrx_word' id='word_1_101' title='bbox 1252 1847 1375 1894; x_wconf 74' lang='lat' dir='ltr'><strong>Cum</strong></span> <span class='ocrx_word' id='word_1_102' title='bbox 1393 1860 1532 1895; x_wconf 68' lang='lat' dir='ltr'><strong>sena·</strong></span> 
     </span>
     <span class='ocr_line' id='line_1_20' title="bbox 469 1919 1532 1984; baseline 0.003 -16"><span class='ocrx_word' id='word_1_103' title='bbox 469 1920 565 1970; x_wconf 88' lang='lat' dir='ltr'><strong>isse</strong></span> <span class='ocrx_word' id='word_1_104' title='bbox 600 1919 791 1984; x_wconf 80' lang='lat' dir='ltr'><strong>fragm.</strong></span> <span class='ocrx_word' id='word_1_105' title='bbox 828 1920 964 1969; x_wconf 83' lang='lat' dir='ltr'><strong>Hav.</strong></span> <span class='ocrx_word' id='word_1_106' title='bbox 998 1935 1027 1970; x_wconf 89' lang='lat' dir='ltr'><strong>a</strong></span> <span class='ocrx_word' id='word_1_107' title='bbox 1060 1936 1130 1970; x_wconf 89' lang='lat' dir='ltr'><strong>m.</strong></span> <span class='ocrx_word' id='word_1_108' title='bbox 1160 1934 1240 1984; x_wconf 83' lang='lat' dir='ltr'><strong>pr.</strong></span> <span class='ocrx_word' id='word_1_109' title='bbox 1308 1921 1393 1969; x_wconf 85' lang='lat' dir='ltr'><strong>De</strong></span> <span class='ocrx_word' id='word_1_110' title='bbox 1431 1921 1532 1971; x_wconf 78' lang='lat' dir='ltr'><strong>hoc</strong></span> 
     </span>
     <span class='ocr_line' id='line_1_21' title="bbox 472 1997 1530 2062; baseline 0.004 -18"><span class='ocrx_word' id='word_1_111' title='bbox 472 2009 652 2046; x_wconf 88' lang='lat' dir='ltr'><strong>errore</strong></span> <span class='ocrx_word' id='word_1_112' title='bbox 677 1997 795 2047; x_wconf 80' lang='lat' dir='ltr'><strong>vide</strong></span> <span class='ocrx_word' id='word_1_113' title='bbox 829 1997 893 2047; x_wconf 80' lang='lat' dir='ltr'><strong>ad</strong></span> <span class='ocrx_word' id='word_1_114' title='bbox 919 2012 996 2046; x_wconf 75' lang='lat' dir='ltr'><strong>lv.</strong></span> <span class='ocrx_word' id='word_1_115' title='bbox 1017 2002 1099 2047; x_wconf 84' lang='grc'><strong>24.</strong></span> <span class='ocrx_word' id='word_1_116' title='bbox 1123 2000 1151 2062; x_wconf 85' lang='lat'>§</span> <span class='ocrx_word' id='word_1_117' title='bbox 1172 2002 1222 2049; x_wconf 84' lang='grc'><strong>7.</strong></span> <span class='ocrx_word' id='word_1_118' title='bbox 1284 1999 1415 2047; x_wconf 83' lang='lat' dir='ltr'><strong>Mox</strong></span> <span class='ocrx_word' id='word_1_119' title='bbox 1441 2013 1530 2048; x_wconf 80' lang='lat' dir='ltr'><strong>vo-</strong></span> 
     </span>
     <span class='ocr_line' id='line_1_22' title="bbox 472 2072 1531 2136; baseline 0.003 -16"><span class='ocrx_word' id='word_1_120' title='bbox 472 2072 589 2122; x_wconf 82' lang='lat' dir='ltr'><strong>cula</strong></span> <span class='ocrx_word' id='word_1_121' title='bbox 620 2079 669 2122; x_wconf 83' lang='lat' dir='ltr'><strong>et</strong></span> <span class='ocrx_word' id='word_1_122' title='bbox 703 2073 861 2136; x_wconf 77' lang='lat' dir='ltr'><strong>priori</strong></span> <span class='ocrx_word' id='word_1_123' title='bbox 894 2073 1007 2122; x_wconf 88' lang='lat' dir='ltr'><strong>loco</strong></span> <span class='ocrx_word' id='word_1_124' title='bbox 1040 2073 1193 2122; x_wconf 85' lang='lat' dir='ltr'><strong>deest</strong></span> <span class='ocrx_word' id='word_1_125' title='bbox 1225 2074 1277 2122; x_wconf 89' lang='lat' dir='ltr'><strong>in</strong></span> <span class='ocrx_word' id='word_1_126' title='bbox 1310 2074 1456 2124; x_wconf 71' lang='lat' dir='ltr'><strong>Leia.</strong></span> <span class='ocrx_word' id='word_1_127' title='bbox 1481 2077 1531 2123; x_wconf 91' lang='lat'><strong>1.</strong></span> 
     </span>
     <span class='ocr_line' id='line_1_23' title="bbox 468 2148 1529 2211; baseline 0.001 -14"><span class='ocrx_word' id='word_1_128' title='bbox 468 2148 689 2198; x_wconf 87' lang='lat' dir='ltr'><strong>Gaertn.</strong></span> <span class='ocrx_word' id='word_1_129' title='bbox 717 2150 843 2198; x_wconf 63' lang='grc' dir='ltr'><strong>ιον.</strong></span> <span class='ocrx_word' id='word_1_130' title='bbox 864 2153 912 2199; x_wconf 90' lang='grc'><strong>2.</strong></span> <span class='ocrx_word' id='word_1_131' title='bbox 937 2154 985 2200; x_wconf 79' lang='grc'><strong>3.</strong></span> <span class='ocrx_word' id='word_1_132' title='bbox 1009 2154 1060 2199; x_wconf 89' lang='grc'><strong>4.</strong></span> <span class='ocrx_word' id='word_1_133' title='bbox 1080 2156 1137 2198; x_wconf 89' lang='lat' dir='ltr'><strong>et</strong></span> <span class='ocrx_word' id='word_1_134' title='bbox 1165 2150 1356 2211; x_wconf 70' lang='lat' dir='ltr'><strong>fragm.</strong></span> <span class='ocrx_word' id='word_1_135' title='bbox 1392 2151 1529 2200; x_wconf 65' lang='lat' dir='ltr'><strong>Has.</strong></span> 
     </span>
     <span class='ocr_line' id='line_1_24' title="bbox 466 2224 1525 2289; baseline 0.004 -17"><span class='ocrx_word' id='word_1_136' title='bbox 466 2240 682 2289; x_wconf 83' lang='lat' dir='ltr'><strong>quornm</strong></span> <span class='ocrx_word' id='word_1_137' title='bbox 728 2226 1039 2289; x_wconf 74' lang='lat' dir='ltr'><strong>posteriores</strong></span> <span class='ocrx_word' id='word_1_138' title='bbox 1079 2224 1180 2275; x_wconf 86' lang='lat' dir='ltr'><strong>duo</strong></span> <span class='ocrx_word' id='word_1_139' title='bbox 1217 2226 1370 2276; x_wconf 88' lang='lat' dir='ltr'><strong>codd.</strong></span> <span class='ocrx_word' id='word_1_140' title='bbox 1408 2239 1525 2277; x_wconf 82' lang='lat' dir='ltr'><strong>cnm</strong></span> 
     </span>
     <span class='ocr_line' id='line_1_25' title="bbox 466 2301 1526 2366; baseline 0.004 -17"><span class='ocrx_word' id='word_1_141' title='bbox 466 2301 595 2350; x_wconf 82' lang='lat' dir='ltr'><strong>Lov.</strong></span> <span class='ocrx_word' id='word_1_142' title='bbox 618 2307 665 2352; x_wconf 87' lang='grc'><strong>5.</strong></span> <span class='ocrx_word' id='word_1_143' title='bbox 699 2303 854 2351; x_wconf 87' lang='lat' dir='ltr'><strong>etiam</strong></span> <span class='ocrx_word' id='word_1_144' title='bbox 886 2303 1209 2363; x_wconf 73' lang='lat' dir='ltr'><strong>promulgatas</strong></span> <span class='ocrx_word' id='word_1_145' title='bbox 1236 2302 1526 2366; x_wconf 77' lang='lat' dir='ltr'><strong>rogationes,</strong></span> 
     </span>
     <span class='ocr_line' id='line_1_26' title="bbox 463 2377 1525 2443; baseline 0.003 -17"><span class='ocrx_word' id='word_1_146' title='bbox 463 2378 566 2426; x_wconf 84' lang='lat' dir='ltr'><strong>alio</strong></span> <span class='ocrx_word' id='word_1_147' title='bbox 600 2377 780 2427; x_wconf 85' lang='lat' dir='ltr'><strong>ordine</strong></span> <span class='ocrx_word' id='word_1_148' title='bbox 813 2377 1097 2427; x_wconf 87' lang='lat' dir='ltr'><strong>conlocatis</strong></span> <span class='ocrx_word' id='word_1_149' title='bbox 1130 2378 1360 2442; x_wconf 75' lang='lat' dir='ltr'><strong>vocibus,</strong></span> <span class='ocrx_word' id='word_1_150' title='bbox 1389 2394 1525 2443; x_wconf 81' lang='lat' dir='ltr'><strong>prae·</strong></span> 
     </span>
     <span class='ocr_line' id='line_1_27' title="bbox 463 2455 1522 2525; baseline 0.005 -19"><span class='ocrx_word' id='word_1_151' title='bbox 463 2455 660 2507; x_wconf 76' lang='lat' dir='ltr'><strong>ferunt.</strong></span> <span class='ocrx_word' id='word_1_152' title='bbox 724 2457 854 2508; x_wconf 85' lang='lat' dir='ltr'><strong>Tum</strong></span> <span class='ocrx_word' id='word_1_153' title='bbox 878 2471 1052 2509; x_wconf 85' lang='lat' dir='ltr'><strong>vocem</strong></span> <span class='ocrx_word' id='word_1_154' title='bbox 1085 2458 1184 2508; x_wconf 85' lang='lat' dir='ltr'><strong>vim</strong></span> <span class='ocrx_word' id='word_1_155' title='bbox 1214 2473 1315 2509; x_wconf 91' lang='lat' dir='ltr'><strong>non</strong></span> <span class='ocrx_word' id='word_1_156' title='bbox 1340 2475 1522 2525; x_wconf 82' lang='lat' dir='ltr'><strong>agnos-</strong></span> 
     </span>
     <span class='ocr_line' id='line_1_28' title="bbox 462 2533 701 2585; baseline 0 0"><span class='ocrx_word' id='word_1_157' title='bbox 462 2535 537 2585; x_wconf 86' lang='lat' dir='ltr'><strong>cit</strong></span> <span class='ocrx_word' id='word_1_158' title='bbox 560 2533 701 2585; x_wconf 76' lang='lat' dir='ltr'><strong>Hav-</strong></span> 
     </span>
    </p>

    <p class='ocr_par' dir='ltr' id='par_1_5' title="bbox 455 2611 1524 3191">
     <span class='ocr_line' id='line_1_29' title="bbox 525 2611 1524 2676; baseline 0.003 -16"><span class='ocrx_word' id='word_1_159' title='bbox 525 2611 554 2675; x_wconf 59' lang='grc' dir='ltr'><strong>ς</strong></span> <span class='ocrx_word' id='word_1_160' title='bbox 579 2615 609 2660; x_wconf 83' lang='grc'><strong>7</strong></span> <span class='ocrx_word' id='word_1_161' title='bbox 627 2611 967 2662; x_wconf 75' lang='lat' dir='ltr'><strong>Intercessione</strong></span> <span class='ocrx_word' id='word_1_162' title='bbox 998 2612 1281 2675; x_wconf 77' lang='lat' dir='ltr'><strong>collegarum</strong></span> <span class='ocrx_word' id='word_1_163' title='bbox 1309 2614 1363 2663; x_wconf 77' lang='lat' dir='ltr'><strong>in</strong></span> <span class='ocrx_word' id='word_1_164' title='bbox 1395 2615 1524 2676; x_wconf 80' lang='lat' dir='ltr'><strong>leges</strong></span> 
     </span>
     <span class='ocr_line' id='line_1_30' title="bbox 457 2690 1522 2754; baseline 0.004 -18"><span class='ocrx_word' id='word_1_165' title='bbox 457 2703 571 2737; x_wconf 80' lang='lat' dir='ltr'><strong>suos</strong></span> <span class='ocrx_word' id='word_1_166' title='bbox 599 2694 865 2751; x_wconf 76' lang='lat' dir='ltr'><strong>pugnatum</strong></span> <span class='ocrx_word' id='word_1_167' title='bbox 901 2690 1022 2754; x_wconf 87' lang='lat' dir='ltr'><strong>esse]</strong></span> <span class='ocrx_word' id='word_1_168' title='bbox 1070 2691 1132 2738; x_wconf 82' lang='lat' dir='ltr'><strong>In</strong></span> <span class='ocrx_word' id='word_1_169' title='bbox 1167 2691 1379 2751; x_wconf 74' lang='lat' dir='ltr'><strong>legiones</strong></span> <span class='ocrx_word' id='word_1_170' title='bbox 1410 2705 1522 2740; x_wconf 80' lang='lat' dir='ltr'><strong>suas</strong></span> 
     </span>
     <span class='ocr_line' id='line_1_31' title="bbox 458 2760 1521 2830; baseline 0.003 -18"><span class='ocrx_word' id='word_1_171' title='bbox 458 2760 597 2813; x_wconf 79' lang='lat' dir='ltr'><strong>Hav.</strong></span> <span class='ocrx_word' id='word_1_172' title='bbox 666 2765 736 2813; x_wconf 88' lang='lat' dir='ltr'><strong>Et</strong></span> <span class='ocrx_word' id='word_1_173' title='bbox 776 2765 853 2813; x_wconf 87' lang='lat' dir='ltr'><strong>ita</strong></span> <span class='ocrx_word' id='word_1_174' title='bbox 889 2778 1273 2830; x_wconf 79' lang='lat' dir='ltr'><strong>nonnumquam</strong></span> <span class='ocrx_word' id='word_1_175' title='bbox 1319 2767 1521 2815; x_wconf 82' lang='lat' dir='ltr'><strong>variant</strong></span> 
     </span>
     <span class='ocr_line' id='line_1_32' title="bbox 457 2838 1520 2902; baseline 0.001 -13"><span class='ocrx_word' id='word_1_176' title='bbox 457 2838 614 2889; x_wconf 85' lang='lat' dir='ltr'><strong>codd.</strong></span> <span class='ocrx_word' id='word_1_177' title='bbox 635 2838 1009 2902; x_wconf 88' lang='lat' dir='ltr'><strong>scripti.·Vide</strong></span> <span class='ocrx_word' id='word_1_178' title='bbox 1032 2841 1298 2891; x_wconf 84' lang='lat' dir='ltr'><strong>Vorstium</strong></span> <span class='ocrx_word' id='word_1_179' title='bbox 1321 2842 1386 2890; x_wconf 83' lang='lat' dir='ltr'><strong>ad</strong></span> <span class='ocrx_word' id='word_1_180' title='bbox 1401 2843 1520 2891; x_wconf 84' lang='lat' dir='ltr'><strong>Val.</strong></span> 
     </span>
     <span class='ocr_line' id='line_1_33' title="bbox 455 2915 1516 2981; baseline 0.002 -16"><span class='ocrx_word' id='word_1_181' title='bbox 455 2915 605 2965; x_wconf 82' lang='lat' dir='ltr'><strong>Max.</strong></span> <span class='ocrx_word' id='word_1_182' title='bbox 642 2929 706 2966; x_wconf 87' lang='grc' dir='ltr'><strong>ιι.</strong></span> <span class='ocrx_word' id='word_1_183' title='bbox 744 2920 792 2964; x_wconf 74' lang='lat'><strong>3.-</strong></span> <span class='ocrx_word' id='word_1_184' title='bbox 817 2931 904 2966; x_wconf 83' lang='lat' dir='ltr'><strong>ex.</strong></span> <span class='ocrx_word' id='word_1_185' title='bbox 926 2918 1131 2981; x_wconf 75' lang='lat' dir='ltr'><strong>2.&#39;quae</strong></span> <span class='ocrx_word' id='word_1_186' title='bbox 1166 2922 1411 2967; x_wconf 86' lang='lat' dir='ltr'><strong>notantur</strong></span> <span class='ocrx_word' id='word_1_187' title='bbox 1448 2917 1516 2967; x_wconf 86' lang='lat' dir='ltr'><strong>ad</strong></span> 
     </span>
     <span class='ocr_line' id='line_1_34' title="bbox 456 2990 1520 3057; baseline 0.005 -19"><span class='ocrx_word' id='word_1_188' title='bbox 456 2990 596 3040; x_wconf 81' lang='lat' dir='ltr'><strong>Livii</strong></span> <span class='ocrx_word' id='word_1_189' title='bbox 619 3005 700 3042; x_wconf 77' lang='grc' dir='ltr'><strong>ιν.</strong></span> <span class='ocrx_word' id='word_1_190' title='bbox 718 2995 799 3041; x_wconf 91' lang='grc'><strong>48.</strong></span> <span class='ocrx_word' id='word_1_191' title='bbox 824 2993 852 3055; x_wconf 85' lang='lat'>§</span> <span class='ocrx_word' id='word_1_192' title='bbox 876 2997 923 3041; x_wconf 84' lang='grc'><strong>5.</strong></span> <span class='ocrx_word' id='word_1_193' title='bbox 943 2992 1007 3041; x_wconf 87' lang='lat' dir='ltr'><strong>ad</strong></span> <span class='ocrx_word' id='word_1_194' title='bbox 1031 3005 1154 3042; x_wconf 83' lang='lat' dir='ltr'><strong>vm.</strong></span> <span class='ocrx_word' id='word_1_195' title='bbox 1174 2998 1224 3043; x_wconf 85' lang='lat'><strong>9.</strong></span> <span class='ocrx_word' id='word_1_196' title='bbox 1244 2995 1272 3057; x_wconf 59' lang='grc' dir='ltr'><strong>ξ</strong></span> <span class='ocrx_word' id='word_1_197' title='bbox 1295 2998 1343 3043; x_wconf 83' lang='grc'><strong>4.</strong></span> <span class='ocrx_word' id='word_1_198' title='bbox 1366 3008 1414 3042; x_wconf 89' lang='lat' dir='ltr'><strong>c.-</strong></span> <span class='ocrx_word' id='word_1_199' title='bbox 1436 2998 1520 3043; x_wconf 75' lang='grc'><strong>82.</strong></span> 
     </span>
     <span class='ocr_line' id='line_1_35' title="bbox 456 3067 1519 3135; baseline 0.002 -20"><span class='ocrx_word' id='word_1_200' title='bbox 456 3067 484 3129; x_wconf 83' lang='lat'>§</span> <span class='ocrx_word' id='word_1_201' title='bbox 531 3071 578 3116; x_wconf 89' lang='lat'><strong>1.</strong></span> <span class='ocrx_word' id='word_1_202' title='bbox 618 3073 674 3117; x_wconf 87' lang='lat' dir='ltr'><strong>et</strong></span> <span class='ocrx_word' id='word_1_203' title='bbox 717 3067 858 3116; x_wconf 83' lang='lat' dir='ltr'><strong>alibi.</strong></span> <span class='ocrx_word' id='word_1_204' title='bbox 941 3068 1210 3118; x_wconf 82' lang='lat' dir='ltr'><strong>Praeterea</strong></span> <span class='ocrx_word' id='word_1_205' title='bbox 1256 3074 1519 3135; x_wconf 64' lang='lat' dir='ltr'><strong>purgationi⁵</strong></span> 
     </span>
     <span class='ocr_line' id='line_1_36' title="bbox 455 3141 677 3191; baseline 0.005 -1"><span class='ocrx_word' id='word_1_206' title='bbox 455 3141 602 3191; x_wconf 87' lang='lat' dir='ltr'><strong>Leid.</strong></span> <span class='ocrx_word' id='word_1_207' title='bbox 627 3146 677 3191; x_wconf 86' lang='grc'><strong>2.</strong></span> 
     </span>
    </p>

    <p class='ocr_par' dir='ltr' id='par_1_6' title="bbox 448 3216 1515 3663">
     <span class='ocr_line' id='line_1_37' title="bbox 517 3216 1515 3280; baseline 0.002 -13"><span class='ocrx_word' id='word_1_208' title='bbox 517 3216 831 3280; x_wconf 76' lang='lat' dir='ltr'><strong>Ablegotione</strong></span> <span class='ocrx_word' id='word_1_209' title='bbox 844 3218 1115 3280; x_wconf 74' lang='lat' dir='ltr'><strong>juventutis</strong></span> <span class='ocrx_word' id='word_1_210' title='bbox 1133 3220 1199 3267; x_wconf 77' lang='lat' dir='ltr'><strong>ad</strong></span> <span class='ocrx_word' id='word_1_211' title='bbox 1219 3219 1515 3270; x_wconf 72' lang='lat' dir='ltr'><strong>Veliternum</strong></span> 
     </span>
     <span class='ocr_line' id='line_1_38' title="bbox 450 3295 1513 3360; baseline 0.003 -16"><span class='ocrx_word' id='word_1_212' title='bbox 450 3295 643 3360; x_wconf 82' lang='lat' dir='ltr'><strong>bellum]</strong></span> <span class='ocrx_word' id='word_1_213' title='bbox 674 3296 971 3357; x_wconf 76' lang='lat' dir='ltr'><strong>Allegotione</strong></span> <span class='ocrx_word' id='word_1_214' title='bbox 993 3295 1215 3346; x_wconf 82' lang='lat' dir='ltr'><strong>Gaertn.</strong></span> <span class='ocrx_word' id='word_1_215' title='bbox 1282 3297 1424 3348; x_wconf 84' lang='lat' dir='ltr'><strong>Vide</strong></span> <span class='ocrx_word' id='word_1_216' title='bbox 1445 3297 1513 3347; x_wconf 82' lang='lat' dir='ltr'><strong>ad</strong></span> 
     </span>
     <span class='ocr_line' id='line_1_39' title="bbox 452 3368 1513 3432; baseline 0.004 -13"><span class='ocrx_word' id='word_1_217' title='bbox 452 3370 569 3420; x_wconf 85' lang='lat' dir='ltr'><strong>Liv.</strong></span> <span class='ocrx_word' id='word_1_218' title='bbox 604 3384 681 3420; x_wconf 81' lang='lat' dir='ltr'><strong>w.</strong></span> <span class='ocrx_word' id='word_1_219' title='bbox 716 3374 798 3419; x_wconf 87' lang='grc'><strong>58.</strong></span> <span class='ocrx_word' id='word_1_220' title='bbox 827 3368 856 3432; x_wconf 77' lang='lat'>§</span> <span class='ocrx_word' id='word_1_221' title='bbox 892 3375 972 3420; x_wconf 83' lang='grc'><strong>12.</strong></span> <span class='ocrx_word' id='word_1_222' title='bbox 1033 3371 1165 3420; x_wconf 84' lang='grc' dir='ltr'><strong>Τιιιιι</strong></span> <span class='ocrx_word' id='word_1_223' title='bbox 1210 3372 1513 3423; x_wconf 72' lang='grc' dir='ltr'><strong>Ῡρὶιίινίηιιηι</strong></span> 
     </span>
     <span class='ocr_line' id='line_1_40' title="bbox 452 3445 1510 3510; baseline 0.006 -16"><span class='ocrx_word' id='word_1_224' title='bbox 452 3446 623 3496; x_wconf 81' lang='lat' dir='ltr'><strong>bellum</strong></span> <span class='ocrx_word' id='word_1_225' title='bbox 659 3445 844 3510; x_wconf 80' lang='lat' dir='ltr'><strong>fragm.</strong></span> <span class='ocrx_word' id='word_1_226' title='bbox 885 3446 1024 3496; x_wconf 86' lang='lat' dir='ltr'><strong>Hav.</strong></span> <span class='ocrx_word' id='word_1_227' title='bbox 1088 3446 1374 3498; x_wconf 61' lang='lat' dir='ltr'><strong>Velia-inum</strong></span> <span class='ocrx_word' id='word_1_228' title='bbox 1414 3449 1510 3500; x_wconf 83' lang='lat' dir='ltr'><strong>bel·</strong></span> 
     </span>
     <span class='ocr_line' id='line_1_41' title="bbox 448 3524 1510 3581; baseline 0.004 -10"><span class='ocrx_word' id='word_1_229' title='bbox 448 3524 545 3572; x_wconf 77' lang='lat' dir='ltr'><strong>lum</strong></span> <span class='ocrx_word' id='word_1_230' title='bbox 570 3525 696 3581; x_wconf 53' lang='lat' dir='ltr'><strong>Lot.</strong></span> <span class='ocrx_word' id='word_1_231' title='bbox 720 3528 767 3576; x_wconf 90' lang='grc'><strong>2.</strong></span> <span class='ocrx_word' id='word_1_232' title='bbox 791 3530 847 3573; x_wconf 88' lang='lat' dir='ltr'><strong>et</strong></span> <span class='ocrx_word' id='word_1_233' title='bbox 861 3524 1080 3575; x_wconf 82' lang='lat' dir='ltr'><strong>Gaertn.</strong></span> <span class='ocrx_word' id='word_1_234' title='bbox 1147 3524 1279 3574; x_wconf 83' lang='lat' dir='ltr'><strong>Vide</strong></span> <span class='ocrx_word' id='word_1_235' title='bbox 1301 3525 1398 3575; x_wconf 81' lang='lat' dir='ltr'><strong>hoe</strong></span> <span class='ocrx_word' id='word_1_236' title='bbox 1418 3526 1510 3575; x_wconf 85' lang='lat' dir='ltr'><strong>lib.</strong></span> 
     </span>
     <span class='ocr_line' id='line_1_42' title="bbox 453 3599 934 3663; baseline 0 -15"><span class='ocrx_word' id='word_1_237' title='bbox 453 3599 517 3648; x_wconf 80' lang='lat' dir='ltr'><strong>ad</strong></span> <span class='ocrx_word' id='word_1_238' title='bbox 543 3614 590 3647; x_wconf 88' lang='lat' dir='ltr'><strong>c.</strong></span> <span class='ocrx_word' id='word_1_239' title='bbox 611 3603 694 3648; x_wconf 78' lang='grc'><strong>36.</strong></span> <span class='ocrx_word' id='word_1_240' title='bbox 714 3601 742 3663; x_wconf 60' lang='grc' dir='ltr'><strong>ξ</strong></span> <span class='ocrx_word' id='word_1_241' title='bbox 765 3605 814 3648; x_wconf 92' lang='lat'><strong>1.</strong></span> <span class='ocrx_word' id='word_1_242' title='bbox 925 3618 934 3626; x_wconf 79' lang='lat'><strong>·</strong></span> 
     </span>
    </p>

    <p class='ocr_par' dir='ltr' id='par_1_7' title="bbox 441 3673 1507 4427">
     <span class='ocr_line' id='line_1_43' title="bbox 520 3673 1506 3739; baseline 0.003 -17"><span class='ocrx_word' id='word_1_243' title='bbox 520 3673 1031 3733; x_wconf 73' lang='lat' dir='ltr'><strong>Dictatoriumfulmen</strong></span> <span class='ocrx_word' id='word_1_244' title='bbox 1047 3674 1100 3723; x_wconf 75' lang='lat' dir='ltr'><strong>in</strong></span> <span class='ocrx_word' id='word_1_245' title='bbox 1125 3689 1176 3724; x_wconf 89' lang='lat' dir='ltr'><strong>se</strong></span> <span class='ocrx_word' id='word_1_246' title='bbox 1196 3675 1506 3739; x_wconf 72' lang='lat' dir='ltr'><strong>intentatum]</strong></span> 
     </span>
     <span class='ocr_line' id='line_1_44' title="bbox 445 3749 1506 3810; baseline 0.002 -9"><span class='ocrx_word' id='word_1_247' title='bbox 445 3749 950 3810; x_wconf 73' lang='lat' dir='ltr'><strong>Dictatorum‘fulmen</strong></span> <span class='ocrx_word' id='word_1_248' title='bbox 969 3751 1021 3799; x_wconf 77' lang='lat' dir='ltr'><strong>in</strong></span> <span class='ocrx_word' id='word_1_249' title='bbox 1035 3766 1090 3801; x_wconf 87' lang='lat' dir='ltr'><strong>se</strong></span> <span class='ocrx_word' id='word_1_250' title='bbox 1106 3752 1342 3801; x_wconf 76' lang='lat' dir='ltr'><strong>intentum</strong></span> <span class='ocrx_word' id='word_1_251' title='bbox 1360 3753 1506 3803; x_wconf 84' lang='lat' dir='ltr'><strong>Leid.</strong></span> 
     </span>
     <span class='ocr_line' id='line_1_45' title="bbox 447 3826 1507 3878; baseline 0.004 -4"><span class='ocrx_word' id='word_1_252' title='bbox 447 3830 499 3874; x_wconf 87' lang='grc'><strong>2.</strong></span> <span class='ocrx_word' id='word_1_253' title='bbox 537 3835 591 3874; x_wconf 89' lang='lat' dir='ltr'><strong>et</strong></span> <span class='ocrx_word' id='word_1_254' title='bbox 626 3826 753 3874; x_wconf 84' lang='lat' dir='ltr'><strong>Lov.</strong></span> <span class='ocrx_word' id='word_1_255' title='bbox 787 3830 834 3877; x_wconf 93' lang='lat'><strong>1.</strong></span> <span class='ocrx_word' id='word_1_256' title='bbox 901 3826 1006 3876; x_wconf 89' lang='lat' dir='ltr'><strong>Sed</strong></span> <span class='ocrx_word' id='word_1_257' title='bbox 1047 3828 1199 3876; x_wconf 86' lang='lat' dir='ltr'><strong>nnius</strong></span> <span class='ocrx_word' id='word_1_258' title='bbox 1236 3827 1507 3878; x_wconf 85' lang='lat' dir='ltr'><strong>dictatoris</strong></span> 
     </span>
     <span class='ocr_line' id='line_1_46' title="bbox 446 3901 1504 3966; baseline 0.001 -16"><span class='ocrx_word' id='word_1_259' title='bbox 446 3901 651 3950; x_wconf 87' lang='lat' dir='ltr'><strong>Camilli</strong></span> <span class='ocrx_word' id='word_1_260' title='bbox 669 3901 863 3952; x_wconf 87' lang='lat' dir='ltr'><strong>fulmen</strong></span> <span class='ocrx_word' id='word_1_261' title='bbox 886 3902 1210 3966; x_wconf 70' lang='lat' dir='ltr'><strong>intelligitur.</strong></span> <span class='ocrx_word' id='word_1_262' title='bbox 1279 3904 1412 3952; x_wconf 88' lang='lat' dir='ltr'><strong>Nam</strong></span> <span class='ocrx_word' id='word_1_263' title='bbox 1437 3905 1504 3953; x_wconf 91' lang='lat' dir='ltr'><strong>P.</strong></span> 
     </span>
     <span class='ocr_line' id='line_1_47' title="bbox 442 3977 1504 4042; baseline 0.003 -17"><span class='ocrx_word' id='word_1_264' title='bbox 442 3977 690 4034; x_wconf 82' lang='lat' dir='ltr'><strong>Manlius,</strong></span> <span class='ocrx_word' id='word_1_265' title='bbox 733 3979 821 4042; x_wconf 88' lang='lat' dir='ltr'><strong>qui</strong></span> <span class='ocrx_word' id='word_1_266' title='bbox 863 3978 1080 4028; x_wconf 84' lang='lat' dir='ltr'><strong>Camillo</strong></span> <span class='ocrx_word' id='word_1_267' title='bbox 1131 3980 1186 4027; x_wconf 90' lang='lat' dir='ltr'><strong>in</strong></span> <span class='ocrx_word' id='word_1_268' title='bbox 1240 3979 1504 4028; x_wconf 84' lang='lat' dir='ltr'><strong>dictatura</strong></span> 
     </span>
     <span class='ocr_line' id='line_1_48' title="bbox 444 4050 1503 4117; baseline 0.003 -17"><span class='ocrx_word' id='word_1_269' title='bbox 444 4054 717 4117; x_wconf 79' lang='lat' dir='ltr'><strong>successit,</strong></span> <span class='ocrx_word' id='word_1_270' title='bbox 756 4053 951 4102; x_wconf 89' lang='lat' dir='ltr'><strong>nullum</strong></span> <span class='ocrx_word' id='word_1_271' title='bbox 984 4050 1179 4105; x_wconf 86' lang='lat' dir='ltr'><strong>fulmen</strong></span> <span class='ocrx_word' id='word_1_272' title='bbox 1215 4053 1503 4103; x_wconf 80' lang='lat' dir='ltr'><strong>intentasse</strong></span> 
     </span>
     <span class='ocr_line' id='line_1_49' title="bbox 444 4127 1500 4192; baseline 0.003 -15"><span class='ocrx_word' id='word_1_273' title='bbox 444 4127 650 4192; x_wconf 78' lang='lat' dir='ltr'><strong>legitur,</strong></span> <span class='ocrx_word' id='word_1_274' title='bbox 681 4129 774 4177; x_wconf 90' lang='lat' dir='ltr'><strong>sed</strong></span> <span class='ocrx_word' id='word_1_275' title='bbox 814 4135 996 4180; x_wconf 86' lang='lat' dir='ltr'><strong>contra</strong></span> <span class='ocrx_word' id='word_1_276' title='bbox 1036 4144 1143 4178; x_wconf 87' lang='lat' dir='ltr'><strong>rem</strong></span> <span class='ocrx_word' id='word_1_277' title='bbox 1180 4130 1232 4179; x_wconf 88' lang='lat' dir='ltr'><strong>in</strong></span> <span class='ocrx_word' id='word_1_278' title='bbox 1270 4145 1500 4180; x_wconf 72' lang='lat' dir='ltr'><strong>caussam</strong></span> 
     </span>
     <span class='ocr_line' id='line_1_50' title="bbox 442 4202 1501 4272; baseline 0.003 -21"><span class='ocrx_word' id='word_1_279' title='bbox 442 4202 609 4266; x_wconf 88' lang='lat' dir='ltr'><strong>plebis</strong></span> <span class='ocrx_word' id='word_1_280' title='bbox 649 4203 958 4257; x_wconf 64' lang='lat' dir='ltr'><strong>inclinasset</strong></span> <span class='ocrx_word' id='word_1_281' title='bbox 1000 4206 1286 4255; x_wconf 75' lang='lat' dir='ltr'><strong>dictatorum</strong></span> <span class='ocrx_word' id='word_1_282' title='bbox 1324 4209 1501 4272; x_wconf 87' lang='lat' dir='ltr'><strong>itaque</strong></span> 
     </span>
     <span class='ocr_line' id='line_1_51' title="bbox 442 4281 1500 4349; baseline 0.005 -21"><span class='ocrx_word' id='word_1_283' title='bbox 442 4295 538 4345; x_wconf 86' lang='lat' dir='ltr'><strong>pro</strong></span> <span class='ocrx_word' id='word_1_284' title='bbox 579 4281 885 4330; x_wconf 75' lang='lat' dir='ltr'><strong>dictatorium</strong></span> <span class='ocrx_word' id='word_1_285' title='bbox 927 4281 1108 4332; x_wconf 86' lang='lat' dir='ltr'><strong>eodem</strong></span> <span class='ocrx_word' id='word_1_286' title='bbox 1156 4297 1350 4346; x_wconf 83' lang='lat' dir='ltr'><strong>errore,</strong></span> <span class='ocrx_word' id='word_1_287' title='bbox 1398 4298 1500 4349; x_wconf 87' lang='lat' dir='ltr'><strong>quo</strong></span> 
     </span>
     <span class='ocr_line' id='line_1_52' title="bbox 441 4358 1500 4427; baseline 0.006 -21"><span class='ocrx_word' id='word_1_288' title='bbox 441 4372 620 4421; x_wconf 77' lang='lat' dir='ltr'><strong>regum·</strong></span> <span class='ocrx_word' id='word_1_289' title='bbox 638 4372 733 4424; x_wconf 83' lang='lat' dir='ltr'><strong>pro</strong></span> <span class='ocrx_word' id='word_1_290' title='bbox 764 4359 969 4424; x_wconf 77' lang='lat' dir='ltr'><strong>regium,</strong></span> <span class='ocrx_word' id='word_1_291' title='bbox 992 4358 1121 4422; x_wconf 73' lang='lat' dir='ltr'><strong>regis</strong></span> <span class='ocrx_word' id='word_1_292' title='bbox 1142 4374 1236 4425; x_wconf 86' lang='lat' dir='ltr'><strong>pro</strong></span> <span class='ocrx_word' id='word_1_293' title='bbox 1256 4360 1423 4427; x_wconf 80' lang='lat' dir='ltr'><strong>regiis,</strong></span> <span class='ocrx_word' id='word_1_294' title='bbox 1444 4367 1500 4412; x_wconf 91' lang='lat' dir='ltr'><strong>et</strong></span> 
     </span>
    </p>
   </div>
   <div class='ocr_carea' id='block_1_3' title="bbox 1181 385 1988 456">
    <p class='ocr_par' dir='ltr' id='par_1_8' title="bbox 1181 385 1988 456">
     <span class='ocr_line' id='line_1_53' title="bbox 1181 385 1988 456; baseline -0.002 -1"><span class='ocrx_word' id='word_1_295' title='bbox 1181 385 1400 456; x_wconf 70' lang='lat' dir='ltr'><strong>uo‘r&#39;AE</strong></span> <span class='ocrx_word' id='word_1_296' title='bbox 1448 401 1856 453; x_wconf 67' lang='grc' dir='ltr'><strong>νᾼιιιοιιυιι</strong></span> <span class='ocrx_word' id='word_1_297' title='bbox 1905 403 1988 453; x_wconf 63' lang='grc' dir='ltr'><strong>ιιι</strong></span> 
     </span>
    </p>
   </div>
   <div class='ocr_carea' id='block_1_4' title="bbox 1623 542 2680 612">
    <p class='ocr_par' dir='ltr' id='par_1_9' title="bbox 1623 542 2680 612">
     <span class='ocr_line' id='line_1_54' title="bbox 1623 542 2680 612; baseline 0.004 -17"><span class='ocrx_word' id='word_1_298' title='bbox 1623 545 1809 596; x_wconf 83' lang='lat' dir='ltr'><strong>similia</strong></span> <span class='ocrx_word' id='word_1_299' title='bbox 1845 545 1965 598; x_wconf 80' lang='lat' dir='ltr'><strong>alia.</strong></span> <span class='ocrx_word' id='word_1_300' title='bbox 2026 542 2165 597; x_wconf 82' lang='lat' dir='ltr'><strong>Vide</strong></span> <span class='ocrx_word' id='word_1_301' title='bbox 2194 544 2263 595; x_wconf 87' lang='lat' dir='ltr'><strong>ad</strong></span> <span class='ocrx_word' id='word_1_302' title='bbox 2293 557 2478 598; x_wconf 72' lang='lat' dir='ltr'><strong>xxxii.</strong></span> <span class='ocrx_word' id='word_1_303' title='bbox 2499 552 2550 599; x_wconf 83' lang='lat'><strong>6.</strong></span> <span class='ocrx_word' id='word_1_304' title='bbox 2584 550 2680 612; x_wconf 59' lang='lat' dir='ltr'><strong>§a</strong></span> 
     </span>
    </p>
   </div>
   <div class='ocr_carea' id='block_1_5' title="bbox 1600 620 2678 688">
    <p class='ocr_par' dir='ltr' id='par_1_10' title="bbox 1600 620 2678 688">
     <span class='ocr_line' id='line_1_55' title="bbox 1600 620 2678 688; baseline 0.005 -17"><span class='ocrx_word' id='word_1_305' title='bbox 1600 621 1846 678; x_wconf 79' lang='lat' dir='ltr'><strong>.Rectum</strong></span> <span class='ocrx_word' id='word_1_306' title='bbox 1883 621 2043 673; x_wconf 80' lang='lat' dir='ltr'><strong>etiam</strong></span> <span class='ocrx_word' id='word_1_307' title='bbox 2086 628 2171 673; x_wconf 82' lang='lat' dir='ltr'><strong>est</strong></span> <span class='ocrx_word' id='word_1_308' title='bbox 2200 620 2510 684; x_wconf 74' lang='lat' dir='ltr'><strong>intentatum,</strong></span> <span class='ocrx_word' id='word_1_309' title='bbox 2542 624 2678 688; x_wconf 84' lang='lat' dir='ltr'><strong>qnod</strong></span> 
     </span>
    </p>
   </div>
   <div class='ocr_carea' id='block_1_6' title="bbox 1616 698 2679 916">
    <p class='ocr_par' dir='ltr' id='par_1_11' title="bbox 1616 698 2679 916">
     <span class='ocr_line' id='line_1_56' title="bbox 1619 698 2676 763; baseline 0.003 -16"><span class='ocrx_word' id='word_1_310' title='bbox 1619 711 1686 749; x_wconf 87' lang='lat' dir='ltr'><strong>ea</strong></span> <span class='ocrx_word' id='word_1_311' title='bbox 1729 698 1932 750; x_wconf 81' lang='lat' dir='ltr'><strong>ratione</strong></span> <span class='ocrx_word' id='word_1_312' title='bbox 1975 700 2190 761; x_wconf 88' lang='lat' dir='ltr'><strong>dictum,</strong></span> <span class='ocrx_word' id='word_1_313' title='bbox 2234 714 2336 763; x_wconf 84' lang='lat' dir='ltr'><strong>qna</strong></span> <span class='ocrx_word' id='word_1_314' title='bbox 2379 701 2676 750; x_wconf 83' lang='lat' dir='ltr'><strong>‘intentare</strong></span> 
     </span>
     <span class='ocr_line' id='line_1_57' title="bbox 1617 774 2679 841; baseline 0.002 -17"><span class='ocrx_word' id='word_1_315' title='bbox 1617 774 1820 825; x_wconf 82' lang='lat' dir='ltr'><strong>manus’</strong></span> <span class='ocrx_word' id='word_1_316' title='bbox 1841 790 1930 825; x_wconf 84' lang='grc' dir='ltr'><strong>ιιι.</strong></span> <span class='ocrx_word' id='word_1_317' title='bbox 1947 779 2029 827; x_wconf 87' lang='grc'><strong>48.</strong></span> <span class='ocrx_word' id='word_1_318' title='bbox 2049 778 2143 841; x_wconf 79' lang='lat'><strong>§¹7.</strong></span> <span class='ocrx_word' id='word_1_319' title='bbox 2178 776 2316 825; x_wconf 88' lang='lat' dir='ltr'><strong>Vide</strong></span> <span class='ocrx_word' id='word_1_320' title='bbox 2340 777 2403 826; x_wconf 87' lang='lat' dir='ltr'><strong>ad</strong></span> <span class='ocrx_word' id='word_1_321' title='bbox 2424 790 2679 826; x_wconf 82' lang='lat' dir='ltr'><strong>xxxvm.</strong></span> 
     </span>
     <span class='ocr_line' id='line_1_58' title="bbox 1616 852 2676 916; baseline 0.001 -16"><span class='ocrx_word' id='word_1_322' title='bbox 1616 854 1666 902; x_wconf 86' lang='grc'><strong>6.</strong></span> <span class='ocrx_word' id='word_1_323' title='bbox 1690 852 1719 915; x_wconf 63' lang='grc' dir='ltr'><strong>ξ</strong></span> <span class='ocrx_word' id='word_1_324' title='bbox 1742 856 1797 900; x_wconf 90' lang='grc'><strong>4.</strong></span> <span class='ocrx_word' id='word_1_325' title='bbox 1859 852 2122 915; x_wconf 68' lang='lat' dir='ltr'><strong>latentem,</strong></span> <span class='ocrx_word' id='word_1_326' title='bbox 2156 866 2251 916; x_wconf 89' lang='lat' dir='ltr'><strong>pro</strong></span> <span class='ocrx_word' id='word_1_327' title='bbox 2283 853 2592 913; x_wconf 65' lang='lat' dir='ltr'><strong>intentatum,-</strong></span> <span class='ocrx_word' id='word_1_328' title='bbox 2612 867 2676 901; x_wconf 82' lang='lat' dir='ltr'><strong>ex</strong></span> 
     </span>
    </p>
   </div>
   <div class='ocr_carea' id='block_1_7' title="bbox 1615 928 2773 992">
    <p class='ocr_par' dir='ltr' id='par_1_12' title="bbox 1615 928 2773 992">
     <span class='ocr_line' id='line_1_59' title="bbox 1615 928 2773 992; baseline 0.001 -16"><span class='ocrx_word' id='word_1_329' title='bbox 1615 939 1680 976; x_wconf 92' lang='lat' dir='ltr'><strong>eo</strong></span> <span class='ocrx_word' id='word_1_330' title='bbox 1713 942 1905 990; x_wconf 76' lang='lat' dir='ltr'><strong>genere</strong></span> <span class='ocrx_word' id='word_1_331' title='bbox 1943 942 2176 979; x_wconf 88' lang='lat' dir='ltr'><strong>errorum</strong></span> <span class='ocrx_word' id='word_1_332' title='bbox 2210 934 2310 991; x_wconf 88' lang='lat' dir='ltr'><strong>est,</strong></span> <span class='ocrx_word' id='word_1_333' title='bbox 2340 928 2407 977; x_wconf 81' lang='lat' dir='ltr'><strong>de</strong></span> <span class='ocrx_word' id='word_1_334' title='bbox 2428 943 2533 992; x_wconf 87' lang='lat' dir='ltr'><strong>quo</strong></span> <span class='ocrx_word' id='word_1_335' title='bbox 2559 929 2672 977; x_wconf 85' lang='lat' dir='ltr'><strong>vide</strong></span> <span class='ocrx_word' id='word_1_336' title='bbox 2770 943 2773 944; x_wconf 45' lang='lat'><em>⁷</em></span> 
     </span>
    </p>
   </div>
   <div class='ocr_carea' id='block_1_8' title="bbox 1607 1003 2673 1679">
    <p class='ocr_par' dir='ltr' id='par_1_13' title="bbox 1615 1003 2673 1070">
     <span class='ocr_line' id='line_1_60' title="bbox 1615 1003 2673 1070; baseline 0 -18"><span class='ocrx_word' id='word_1_337' title='bbox 1615 1003 1681 1053; x_wconf 87' lang='lat' dir='ltr'><strong>ad</strong></span> <span class='ocrx_word' id='word_1_338' title='bbox 1704 1016 1784 1054; x_wconf 72' lang='lat'><strong>11.</strong></span> <span class='ocrx_word' id='word_1_339' title='bbox 1806 1006 1905 1070; x_wconf 59' lang='grc' dir='ltr'><strong>ὣς</strong></span> <span class='ocrx_word' id='word_1_340' title='bbox 1927 1009 1979 1055; x_wconf 84' lang='grc'><strong>2.</strong></span> <span class='ocrx_word' id='word_1_341' title='bbox 2028 1006 2281 1055; x_wconf 70' lang='lat' dir='ltr'><strong>Tentctum</strong></span> <span class='ocrx_word' id='word_1_342' title='bbox 2300 1003 2523 1069; x_wconf 79' lang='lat' dir='ltr'><strong>praefert</strong></span> <span class='ocrx_word' id='word_1_343' title='bbox 2547 1004 2673 1055; x_wconf 80' lang='lat' dir='ltr'><strong>Lov.</strong></span> 
     </span>
    </p>

    <p class='ocr_par' dir='ltr' id='par_1_14' title="bbox 1607 1156 2671 1679">
     <span class='ocr_line' id='line_1_61' title="bbox 1675 1156 2671 1220; baseline -0.001 -14"><span class='ocrx_word' id='word_1_344' title='bbox 1675 1158 1884 1220; x_wconf 69' lang='lat' dir='ltr'><strong>§soni</strong></span> <span class='ocrx_word' id='word_1_345' title='bbox 1919 1156 2066 1207; x_wconf 77' lang='lat' dir='ltr'><strong>stiam</strong></span> <span class='ocrx_word' id='word_1_346' title='bbox 2101 1156 2438 1220; x_wconf 66' lang='lat' dir='ltr'><strong>ornenplebeio</strong></span> <span class='ocrx_word' id='word_1_347' title='bbox 2475 1158 2671 1214; x_wconf 73' lang='lat' dir='ltr'><strong>consuli,</strong></span> 
     </span>
     <span class='ocr_line' id='line_1_62' title="bbox 1609 1232 2671 1298; baseline 0 -17"><span class='ocrx_word' id='word_1_348' title='bbox 1609 1232 1856 1294; x_wconf 74' lang='lat' dir='ltr'><strong>mag-istro·</strong></span> <span class='ocrx_word' id='word_1_349' title='bbox 1871 1234 2081 1298; x_wconf 75' lang='lat' dir='ltr'><strong>equitum</strong></span> <span class='ocrx_word' id='word_1_350' title='bbox 2107 1248 2170 1283; x_wconf 76' lang='lat' dir='ltr'><strong>ex</strong></span> <span class='ocrx_word' id='word_1_351' title='bbox 2203 1234 2335 1296; x_wconf 81' lang='lat' dir='ltr'><strong>plebe</strong></span> <span class='ocrx_word' id='word_1_352' title='bbox 2354 1233 2571 1291; x_wconf 73' lang='lat' dir='ltr'><strong>dicendo,</strong></span> <span class='ocrx_word' id='word_1_353' title='bbox 2592 1236 2671 1282; x_wconf 82' lang='lat' dir='ltr'><strong>de·</strong></span> 
     </span>
     <span class='ocr_line' id='line_1_63' title="bbox 1608 1308 2668 1371; baseline -0.001 -14"><span class='ocrx_word' id='word_1_354' title='bbox 1608 1308 1759 1371; x_wconf 75' lang='lat' dir='ltr'><strong>derit]</strong></span> <span class='ocrx_word' id='word_1_355' title='bbox 1795 1309 1894 1364; x_wconf 82' lang='lat' dir='ltr'><strong>Qm&#39;</strong></span> <span class='ocrx_word' id='word_1_356' title='bbox 1925 1324 1976 1359; x_wconf 81' lang='lat' dir='ltr'><strong>se</strong></span> <span class='ocrx_word' id='word_1_357' title='bbox 1994 1309 2104 1370; x_wconf 73' lang='lat' dir='ltr'><strong>jau·</strong></span> <span class='ocrx_word' id='word_1_358' title='bbox 2126 1309 2254 1359; x_wconf 58' lang='grc' dir='ltr'><strong>ιον.</strong></span> <span class='ocrx_word' id='word_1_359' title='bbox 2273 1313 2323 1357; x_wconf 88' lang='grc'><strong>2.</strong></span> <span class='ocrx_word' id='word_1_360' title='bbox 2347 1316 2403 1357; x_wconf 87' lang='lat' dir='ltr'><strong>et</strong></span> <span class='ocrx_word' id='word_1_361' title='bbox 2422 1313 2473 1358; x_wconf 87' lang='grc'><strong>4.</strong></span> <span class='ocrx_word' id='word_1_362' title='bbox 2541 1309 2668 1357; x_wconf 86' lang='lat' dir='ltr'><strong>Tum</strong></span> 
     </span>
     <span class='ocr_line' id='line_1_64' title="bbox 1615 1384 2669 1437; baseline -0.002 -1"><span class='ocrx_word' id='word_1_363' title='bbox 1615 1384 1764 1437; x_wconf 61' lang='lat' dir='ltr'><strong>offiem</strong></span> <span class='ocrx_word' id='word_1_364' title='bbox 1795 1388 2013 1437; x_wconf 79' lang='lat' dir='ltr'><strong>Gaertn.</strong></span> <span class='ocrx_word' id='word_1_365' title='bbox 2066 1401 2248 1437; x_wconf 70' lang='lat' dir='ltr'><strong>omnem</strong></span> <span class='ocrx_word' id='word_1_366' title='bbox 2268 1385 2422 1436; x_wconf 75' lang='lat' dir='ltr'><strong>Leid.</strong></span> <span class='ocrx_word' id='word_1_367' title='bbox 2459 1390 2510 1434; x_wconf 93' lang='lat'><strong>1.</strong></span> <span class='ocrx_word' id='word_1_368' title='bbox 2545 1386 2669 1435; x_wconf 82' lang='lat' dir='ltr'><strong>Lov.</strong></span> 
     </span>
     <span class='ocr_line' id='line_1_65' title="bbox 1607 1462 2671 1528; baseline 0 -17"><span class='ocrx_word' id='word_1_369' title='bbox 1607 1467 1658 1512; x_wconf 90' lang='grc'><strong>4.</strong></span> <span class='ocrx_word' id='word_1_370' title='bbox 1677 1470 1732 1513; x_wconf 84' lang='lat' dir='ltr'><strong>et</strong></span> <span class='ocrx_word' id='word_1_371' title='bbox 1756 1462 1941 1528; x_wconf 80' lang='lat' dir='ltr'><strong>fragm.</strong></span> <span class='ocrx_word' id='word_1_372' title='bbox 1965 1464 2103 1513; x_wconf 79' lang='lat' dir='ltr'><strong>Hav.</strong></span> <span class='ocrx_word' id='word_1_373' title='bbox 2120 1479 2149 1511; x_wconf 84' lang='lat' dir='ltr'><strong>a</strong></span> <span class='ocrx_word' id='word_1_374' title='bbox 2166 1478 2233 1511; x_wconf 87' lang='grc' dir='ltr'><strong>ιιι.</strong></span> <span class='ocrx_word' id='word_1_375' title='bbox 2247 1476 2328 1526; x_wconf 89' lang='lat' dir='ltr'><strong>pr.</strong></span> <span class='ocrx_word' id='word_1_376' title='bbox 2363 1475 2546 1515; x_wconf 82' lang='lat' dir='ltr'><strong>omnem</strong></span> <span class='ocrx_word' id='word_1_377' title='bbox 2561 1478 2671 1526; x_wconf 79' lang='lat' dir='ltr'><strong>par·</strong></span> 
     </span>
     <span class='ocr_line' id='line_1_66' title="bbox 1609 1540 2668 1601; baseline -0.002 -11"><span class='ocrx_word' id='word_1_378' title='bbox 1609 1544 1704 1590; x_wconf 81' lang='lat' dir='ltr'><strong>tem</strong></span> <span class='ocrx_word' id='word_1_379' title='bbox 1724 1541 1876 1589; x_wconf 85' lang='lat' dir='ltr'><strong>Voss.</strong></span> <span class='ocrx_word' id='word_1_380' title='bbox 1898 1544 1950 1589; x_wconf 90' lang='grc'><strong>2.</strong></span> <span class='ocrx_word' id='word_1_381' title='bbox 1971 1544 2027 1588; x_wconf 89' lang='lat' dir='ltr'><strong>et</strong></span> <span class='ocrx_word' id='word_1_382' title='bbox 2049 1540 2178 1589; x_wconf 83' lang='lat' dir='ltr'><strong>Lov.</strong></span> <span class='ocrx_word' id='word_1_383' title='bbox 2199 1543 2248 1588; x_wconf 73' lang='lat'><strong>3.</strong></span> <span class='ocrx_word' id='word_1_384' title='bbox 2278 1553 2412 1587; x_wconf 73' lang='lat' dir='ltr'><strong>omen</strong></span> <span class='ocrx_word' id='word_1_385' title='bbox 2442 1545 2497 1587; x_wconf 87' lang='lat' dir='ltr'><strong>et</strong></span> <span class='ocrx_word' id='word_1_386' title='bbox 2520 1553 2668 1601; x_wconf 76' lang='lat' dir='ltr'><strong>omne,</strong></span> 
     </span>
     <span class='ocr_line' id='line_1_67' title="bbox 1609 1615 2666 1679; baseline 0 -13"><span class='ocrx_word' id='word_1_387' title='bbox 1609 1618 1718 1667; x_wconf 83' lang='lat' dir='ltr'><strong>sive</strong></span> <span class='ocrx_word' id='word_1_388' title='bbox 1756 1618 1914 1667; x_wconf 77' lang='lat' dir='ltr'><strong>omino</strong></span> <span class='ocrx_word' id='word_1_389' title='bbox 1953 1622 2010 1667; x_wconf 88' lang='lat' dir='ltr'><strong>et</strong></span> <span class='ocrx_word' id='word_1_390' title='bbox 2042 1617 2219 1677; x_wconf 73' lang='lat' dir='ltr'><strong>omnio,</strong></span> <span class='ocrx_word' id='word_1_391' title='bbox 2257 1630 2401 1679; x_wconf 82' lang='lat' dir='ltr'><strong>saepe</strong></span> <span class='ocrx_word' id='word_1_392' title='bbox 2443 1615 2497 1664; x_wconf 90' lang='lat' dir='ltr'><strong>in</strong></span> <span class='ocrx_word' id='word_1_393' title='bbox 2542 1617 2666 1667; x_wconf 75' lang='lat' dir='ltr'><strong>Mes.</strong></span> 
     </span>
    </p>
   </div>
   <div class='ocr_carea' id='block_1_9' title="bbox 1532 1691 2664 1755">
    <p class='ocr_par' dir='ltr' id='par_1_15' title="bbox 1532 1691 2664 1755">
     <span class='ocr_line' id='line_1_68' title="bbox 1532 1691 2664 1755; baseline -0.002 -12"><span class='ocrx_word' id='word_1_394' title='bbox 1532 1721 1537 1728; x_wconf 91' lang='lat'><strong>·</strong></span> <span class='ocrx_word' id='word_1_395' title='bbox 1606 1700 2008 1743; x_wconf 83' lang='lat' dir='ltr'><strong>commutantur.</strong></span> <span class='ocrx_word' id='word_1_396' title='bbox 2073 1691 2208 1741; x_wconf 86' lang='lat' dir='ltr'><strong>Vide</strong></span> <span class='ocrx_word' id='word_1_397' title='bbox 2253 1691 2317 1740; x_wconf 83' lang='lat' dir='ltr'><strong>ad</strong></span> <span class='ocrx_word' id='word_1_398' title='bbox 2365 1692 2509 1755; x_wconf 85' lang='lat' dir='ltr'><strong>Epit.</strong></span> <span class='ocrx_word' id='word_1_399' title='bbox 2549 1691 2664 1741; x_wconf 80' lang='lat' dir='ltr'><strong>Liv.</strong></span> 
     </span>
    </p>
   </div>
   <div class='ocr_carea' id='block_1_10' title="bbox 1581 1768 2666 4043">
    <p class='ocr_par' dir='ltr' id='par_1_16' title="bbox 1596 1768 2666 2810">
     <span class='ocr_line' id='line_1_69' title="bbox 1606 1768 2666 1834; baseline -0.001 -16"><span class='ocrx_word' id='word_1_400' title='bbox 1606 1768 1698 1818; x_wconf 87' lang='lat' dir='ltr'><strong>lib.</strong></span> <span class='ocrx_word' id='word_1_401' title='bbox 1733 1781 1916 1821; x_wconf 84' lang='lat' dir='ltr'><strong>cxvu.</strong></span> <span class='ocrx_word' id='word_1_402' title='bbox 1987 1768 2344 1821; x_wconf 64' lang='lat' dir='ltr'><strong>eoem-Harl.</strong></span> <span class='ocrx_word' id='word_1_403' title='bbox 2365 1773 2417 1834; x_wconf 83' lang='grc'><strong>2.</strong></span> <span class='ocrx_word' id='word_1_404' title='bbox 2463 1784 2666 1818; x_wconf 72' lang='lat' dir='ltr'><strong>eommu-</strong></span> 
     </span>
     <span class='ocr_line' id='line_1_70' title="bbox 1603 1844 2663 1908; baseline -0.003 -13"><span class='ocrx_word' id='word_1_405' title='bbox 1603 1860 1709 1895; x_wconf 74' lang='lat' dir='ltr'><strong>nem</strong></span> <span class='ocrx_word' id='word_1_406' title='bbox 1746 1847 1899 1896; x_wconf 87' lang='lat' dir='ltr'><strong>Port.</strong></span> <span class='ocrx_word' id='word_1_407' title='bbox 1942 1852 1999 1895; x_wconf 93' lang='lat' dir='ltr'><strong>et</strong></span> <span class='ocrx_word' id='word_1_408' title='bbox 2032 1847 2173 1897; x_wconf 86' lang='lat' dir='ltr'><strong>Hav.</strong></span> <span class='ocrx_word' id='word_1_409' title='bbox 2238 1844 2443 1895; x_wconf 84' lang='lat' dir='ltr'><strong>Deinde</strong></span> <span class='ocrx_word' id='word_1_410' title='bbox 2485 1846 2663 1908; x_wconf 76' lang='lat' dir='ltr'><strong>magis-</strong></span> 
     </span>
     <span class='ocr_line' id='line_1_71' title="bbox 1604 1920 2661 1985; baseline -0.002 -13"><span class='ocrx_word' id='word_1_411' title='bbox 1604 1927 1731 1972; x_wconf 74' lang='lat' dir='ltr'><strong>trum</strong></span> <span class='ocrx_word' id='word_1_412' title='bbox 1764 1924 1977 1985; x_wconf 71' lang='lat' dir='ltr'><strong>equitum</strong></span> <span class='ocrx_word' id='word_1_413' title='bbox 2004 1938 2069 1972; x_wconf 74' lang='lat' dir='ltr'><strong>ex</strong></span> <span class='ocrx_word' id='word_1_414' title='bbox 2089 1921 2220 1985; x_wconf 80' lang='lat' dir='ltr'><strong>plebe</strong></span> <span class='ocrx_word' id='word_1_415' title='bbox 2248 1920 2445 1971; x_wconf 74' lang='lat' dir='ltr'><strong>dicendo</strong></span> <span class='ocrx_word' id='word_1_416' title='bbox 2468 1921 2597 1969; x_wconf 86' lang='lat' dir='ltr'><strong>Lov.</strong></span> <span class='ocrx_word' id='word_1_417' title='bbox 2615 1926 2661 1970; x_wconf 90' lang='grc'><strong>4.</strong></span> 
     </span>
     <span class='ocr_line' id='line_1_72' title="bbox 1602 1998 2665 2060; baseline -0.002 -12"><span class='ocrx_word' id='word_1_418' title='bbox 1602 2004 1652 2048; x_wconf 93' lang='grc'><strong>5.</strong></span> <span class='ocrx_word' id='word_1_419' title='bbox 1685 2006 1741 2049; x_wconf 90' lang='lat' dir='ltr'><strong>et</strong></span> <span class='ocrx_word' id='word_1_420' title='bbox 1775 1998 1995 2049; x_wconf 80' lang='lat' dir='ltr'><strong>Gaertn.</strong></span> <span class='ocrx_word' id='word_1_421' title='bbox 2041 1998 2325 2060; x_wconf 71' lang='lat' dir='ltr'><strong>magistrum</strong></span> <span class='ocrx_word' id='word_1_422' title='bbox 2361 1998 2575 2060; x_wconf 73' lang='lat' dir='ltr'><strong>equitum</strong></span> <span class='ocrx_word' id='word_1_423' title='bbox 2607 1998 2665 2046; x_wconf 78' lang='lat' dir='ltr'><strong>ds</strong></span> 
     </span>
     <span class='ocr_line' id='line_1_73' title="bbox 1596 2073 2662 2137; baseline 0.001 -14"><span class='ocrx_word' id='word_1_424' title='bbox 1596 2074 1732 2137; x_wconf 82' lang='lat' dir='ltr'><strong>plebe</strong></span> <span class='ocrx_word' id='word_1_425' title='bbox 1760 2074 1954 2124; x_wconf 79' lang='lat' dir='ltr'><strong>dicendo</strong></span> <span class='ocrx_word' id='word_1_426' title='bbox 1979 2074 2129 2124; x_wconf 81' lang='lat' dir='ltr'><strong>Harl.</strong></span> <span class='ocrx_word' id='word_1_427' title='bbox 2152 2079 2201 2124; x_wconf 89' lang='grc'><strong>2.</strong></span> <span class='ocrx_word' id='word_1_428' title='bbox 2238 2074 2386 2123; x_wconf 83' lang='lat' dir='ltr'><strong>Port.</strong></span> <span class='ocrx_word' id='word_1_429' title='bbox 2426 2080 2485 2122; x_wconf 91' lang='lat' dir='ltr'><strong>et</strong></span> <span class='ocrx_word' id='word_1_430' title='bbox 2526 2073 2662 2124; x_wconf 85' lang='lat' dir='ltr'><strong>Hav.</strong></span> 
     </span>
     <span class='ocr_line' id='line_1_74' title="bbox 1599 2149 2660 2217; baseline 0 -18"><span class='ocrx_word' id='word_1_431' title='bbox 1599 2150 1703 2199; x_wconf 83' lang='lat' dir='ltr'><strong>Sed</strong></span> <span class='ocrx_word' id='word_1_432' title='bbox 1742 2151 1931 2217; x_wconf 85' lang='lat' dir='ltr'><strong>reliqui</strong></span> <span class='ocrx_word' id='word_1_433' title='bbox 1968 2149 2121 2201; x_wconf 87' lang='lat' dir='ltr'><strong>codd.</strong></span> <span class='ocrx_word' id='word_1_434' title='bbox 2156 2151 2209 2199; x_wconf 87' lang='lat' dir='ltr'><strong>in</strong></span> <span class='ocrx_word' id='word_1_435' title='bbox 2239 2150 2505 2211; x_wconf 81' lang='lat' dir='ltr'><strong>vulgatum</strong></span> <span class='ocrx_word' id='word_1_436' title='bbox 2542 2164 2660 2199; x_wconf 84' lang='lat' dir='ltr'><strong>con-</strong></span> 
     </span>
     <span class='ocr_line' id='line_1_75' title="bbox 1599 2225 2660 2290; baseline 0.001 -16"><span class='ocrx_word' id='word_1_437' title='bbox 1599 2227 1820 2290; x_wconf 86' lang='lat' dir='ltr'><strong>spirant,</strong></span> <span class='ocrx_word' id='word_1_438' title='bbox 1851 2227 1950 2275; x_wconf 88' lang='lat' dir='ltr'><strong>nisi</strong></span> <span class='ocrx_word' id='word_1_439' title='bbox 1993 2226 2129 2290; x_wconf 84' lang='lat' dir='ltr'><strong>quod</strong></span> <span class='ocrx_word' id='word_1_440' title='bbox 2170 2241 2233 2275; x_wconf 74' lang='lat' dir='ltr'><strong>ex</strong></span> <span class='ocrx_word' id='word_1_441' title='bbox 2269 2226 2400 2289; x_wconf 72' lang='lat' dir='ltr'><strong>plebe</strong></span> <span class='ocrx_word' id='word_1_442' title='bbox 2434 2225 2576 2275; x_wconf 83' lang='lat' dir='ltr'><strong>desit</strong></span> <span class='ocrx_word' id='word_1_443' title='bbox 2609 2227 2660 2275; x_wconf 88' lang='lat' dir='ltr'><strong>in</strong></span> 
     </span>
     <span class='ocr_line' id='line_1_76' title="bbox 1600 2301 2661 2366; baseline -0.003 -14"><span class='ocrx_word' id='word_1_444' title='bbox 1600 2301 1748 2352; x_wconf 80' lang='lat' dir='ltr'><strong>Leid.</strong></span> <span class='ocrx_word' id='word_1_445' title='bbox 1770 2307 1820 2352; x_wconf 89' lang='grc'><strong>2.</strong></span> <span class='ocrx_word' id='word_1_446' title='bbox 1884 2303 1971 2352; x_wconf 89' lang='lat' dir='ltr'><strong>De</strong></span> <span class='ocrx_word' id='word_1_447' title='bbox 1993 2303 2253 2353; x_wconf 80' lang='lat' dir='ltr'><strong>locutione</strong></span> <span class='ocrx_word' id='word_1_448' title='bbox 2277 2308 2292 2331; x_wconf 77' lang='lat'><em>⁶</em></span> <span class='ocrx_word' id='word_1_449' title='bbox 2307 2302 2564 2366; x_wconf 70' lang='lat' dir='ltr'><strong>magistro</strong></span> <span class='ocrx_word' id='word_1_450' title='bbox 2586 2303 2661 2351; x_wconf 78' lang='lat' dir='ltr'><strong>di-</strong></span> 
     </span>
     <span class='ocr_line' id='line_1_77' title="bbox 1598 2377 2660 2443; baseline 0.003 -17"><span class='ocrx_word' id='word_1_451' title='bbox 1598 2377 1798 2427; x_wconf 83' lang='lat' dir='ltr'><strong>cendo&#39;</strong></span> <span class='ocrx_word' id='word_1_452' title='bbox 1832 2378 1953 2428; x_wconf 83' lang='lat' dir='ltr'><strong>vide</strong></span> <span class='ocrx_word' id='word_1_453' title='bbox 1990 2379 2056 2429; x_wconf 84' lang='lat' dir='ltr'><strong>ad</strong></span> <span class='ocrx_word' id='word_1_454' title='bbox 2096 2393 2136 2429; x_wconf 90' lang='grc' dir='ltr'><strong>ι.</strong></span> <span class='ocrx_word' id='word_1_455' title='bbox 2172 2383 2252 2429; x_wconf 75' lang='grc'><strong>53.</strong></span> <span class='ocrx_word' id='word_1_456' title='bbox 2283 2379 2383 2443; x_wconf 77' lang='lat'><strong>§8.</strong></span> <span class='ocrx_word' id='word_1_457' title='bbox 2447 2380 2660 2429; x_wconf 81' lang='lat' dir='ltr'><strong>Voculae</strong></span> 
     </span>
     <span class='ocr_line' id='line_1_78' title="bbox 1599 2447 2656 2519; baseline 0.001 -16"><span class='ocrx_word' id='word_1_458' title='bbox 1599 2457 1772 2503; x_wconf 87' lang='lat' dir='ltr'><strong>autem</strong></span> <span class='ocrx_word' id='word_1_459' title='bbox 1796 2469 1860 2504; x_wconf 80' lang='lat' dir='ltr'><strong>ex</strong></span> <span class='ocrx_word' id='word_1_460' title='bbox 1880 2456 2014 2504; x_wconf 84' lang='lat' dir='ltr'><strong>etde</strong></span> <span class='ocrx_word' id='word_1_461' title='bbox 2038 2469 2180 2519; x_wconf 78' lang='lat' dir='ltr'><strong>saepe</strong></span> <span class='ocrx_word' id='word_1_462' title='bbox 2209 2454 2261 2504; x_wconf 91' lang='lat' dir='ltr'><strong>in</strong></span> <span class='ocrx_word' id='word_1_463' title='bbox 2288 2456 2419 2504; x_wconf 86' lang='lat' dir='ltr'><strong>Mss.</strong></span> <span class='ocrx_word' id='word_1_464' title='bbox 2438 2447 2656 2504; x_wconf 60' lang='lat' dir='ltr'><strong>&#39;confun-</strong></span> 
     </span>
     <span class='ocr_line' id='line_1_79' title="bbox 1597 2528 2658 2595; baseline 0 -16"><span class='ocrx_word' id='word_1_465' title='bbox 1597 2528 1811 2579; x_wconf 86' lang='lat' dir='ltr'><strong>duntur.</strong></span> <span class='ocrx_word' id='word_1_466' title='bbox 1859 2530 2000 2580; x_wconf 89' lang='lat' dir='ltr'><strong>Vide</strong></span> <span class='ocrx_word' id='word_1_467' title='bbox 2023 2531 2088 2579; x_wconf 84' lang='lat' dir='ltr'><strong>ad</strong></span> <span class='ocrx_word' id='word_1_468' title='bbox 2113 2542 2232 2579; x_wconf 76' lang='lat' dir='ltr'><strong>xxi.</strong></span> <span class='ocrx_word' id='word_1_469' title='bbox 2250 2535 2300 2580; x_wconf 92' lang='grc'><strong>6.</strong></span> <span class='ocrx_word' id='word_1_470' title='bbox 2325 2532 2353 2595; x_wconf 80' lang='lat'>§</span> <span class='ocrx_word' id='word_1_471' title='bbox 2375 2536 2429 2579; x_wconf 82' lang='lat'><strong>6.</strong></span> <span class='ocrx_word' id='word_1_472' title='bbox 2498 2530 2658 2579; x_wconf 89' lang='lat' dir='ltr'><strong>Deni-</strong></span> 
     </span>
     <span class='ocr_line' id='line_1_80' title="bbox 1598 2603 2656 2670; baseline 0.001 -16"><span class='ocrx_word' id='word_1_473' title='bbox 1598 2620 1699 2670; x_wconf 89' lang='lat' dir='ltr'><strong>que</strong></span> <span class='ocrx_word' id='word_1_474' title='bbox 1734 2606 1953 2655; x_wconf 73' lang='lat' dir='ltr'><strong>dederint</strong></span> <span class='ocrx_word' id='word_1_475' title='bbox 1984 2605 2122 2668; x_wconf 87' lang='lat' dir='ltr'><strong>apud</strong></span> <span class='ocrx_word' id='word_1_476' title='bbox 2153 2603 2442 2657; x_wconf 73' lang='lat' dir='ltr'><strong>Heni-nium</strong></span> <span class='ocrx_word' id='word_1_477' title='bbox 2488 2605 2656 2655; x_wconf 83' lang='lat' dir='ltr'><strong>Oxou.</strong></span> 
     </span>
     <span class='ocr_line' id='line_1_81' title="bbox 1598 2682 2654 2735; baseline 0.002 -3"><span class='ocrx_word' id='word_1_478' title='bbox 1598 2683 1661 2732; x_wconf 89' lang='lat' dir='ltr'><strong>L.</strong></span> <span class='ocrx_word' id='word_1_479' title='bbox 1687 2687 1735 2734; x_wconf 89' lang='lat'><strong>1.</strong></span> <span class='ocrx_word' id='word_1_480' title='bbox 1803 2684 1908 2733; x_wconf 84' lang='lat' dir='ltr'><strong>Sed</strong></span> <span class='ocrx_word' id='word_1_481' title='bbox 1948 2682 2274 2735; x_wconf 82' lang='lat' dir='ltr'><strong>referendum</strong></span> <span class='ocrx_word' id='word_1_482' title='bbox 2309 2684 2407 2734; x_wconf 87' lang='lat' dir='ltr'><strong>hoc</strong></span> <span class='ocrx_word' id='word_1_483' title='bbox 2447 2684 2654 2734; x_wconf 78' lang='lat' dir='ltr'><strong>verbum</strong></span> 
     </span>
     <span class='ocr_line' id='line_1_82' title="bbox 1596 2759 2202 2810; baseline 0.003 -2"><span class='ocrx_word' id='word_1_484' title='bbox 1596 2759 1662 2808; x_wconf 86' lang='lat' dir='ltr'><strong>ad</strong></span> <span class='ocrx_word' id='word_1_485' title='bbox 1685 2761 1850 2808; x_wconf 88' lang='lat' dir='ltr'><strong>solum</strong></span> <span class='ocrx_word' id='word_1_486' title='bbox 1872 2760 2202 2810; x_wconf 80' lang='lat' dir='ltr'><strong>dictatorem.</strong></span> 
     </span>
    </p>

    <p class='ocr_par' dir='ltr' id='par_1_17' title="bbox 1586 2834 2656 3569">
     <span class='ocr_line' id='line_1_83' title="bbox 1659 2834 2656 2899; baseline -0.001 -14"><span class='ocrx_word' id='word_1_487' title='bbox 1659 2834 1726 2885; x_wconf 82' lang='lat' dir='ltr'><strong>Se</strong></span> <span class='ocrx_word' id='word_1_488' title='bbox 1748 2836 1897 2899; x_wconf 81' lang='lat' dir='ltr'><strong>ipsam</strong></span> <span class='ocrx_word' id='word_1_489' title='bbox 1920 2836 2099 2899; x_wconf 78' lang='lat' dir='ltr'><strong>plebem</strong></span> <span class='ocrx_word' id='word_1_490' title='bbox 2129 2841 2178 2885; x_wconf 76' lang='lat' dir='ltr'><strong>et</strong></span> <span class='ocrx_word' id='word_1_491' title='bbox 2209 2837 2456 2885; x_wconf 78' lang='lat' dir='ltr'><strong>commodo</strong></span> <span class='ocrx_word' id='word_1_492' title='bbox 2483 2837 2656 2884; x_wconf 76' lang='lat' dir='ltr'><strong>morari</strong></span> 
     </span>
     <span class='ocr_line' id='line_1_84' title="bbox 1591 2913 2654 2976; baseline -0.001 -16"><span class='ocrx_word' id='word_1_493' title='bbox 1591 2913 1704 2976; x_wconf 81' lang='lat' dir='ltr'><strong>suo]</strong></span> <span class='ocrx_word' id='word_1_494' title='bbox 1739 2913 1938 2962; x_wconf 83' lang='lat' dir='ltr'><strong>Vocula</strong></span> <span class='ocrx_word' id='word_1_495' title='bbox 1974 2918 2024 2962; x_wconf 78' lang='lat' dir='ltr'><strong>et</strong></span> <span class='ocrx_word' id='word_1_496' title='bbox 2054 2913 2314 2962; x_wconf 87' lang='lat' dir='ltr'><strong>omittitur</strong></span> <span class='ocrx_word' id='word_1_497' title='bbox 2346 2913 2400 2961; x_wconf 88' lang='lat' dir='ltr'><strong>in</strong></span> <span class='ocrx_word' id='word_1_498' title='bbox 2436 2913 2591 2962; x_wconf 88' lang='lat' dir='ltr'><strong>Leid.</strong></span> <span class='ocrx_word' id='word_1_499' title='bbox 2607 2917 2654 2962; x_wconf 89' lang='grc'><strong>2.</strong></span> 
     </span>
     <span class='ocr_line' id='line_1_85' title="bbox 1592 2988 2652 3053; baseline 0 -15"><span class='ocrx_word' id='word_1_500' title='bbox 1592 2996 1649 3038; x_wconf 85' lang='lat' dir='ltr'><strong>et</strong></span> <span class='ocrx_word' id='word_1_501' title='bbox 1677 2988 1804 3038; x_wconf 80' lang='lat' dir='ltr'><strong>Lov-</strong></span> <span class='ocrx_word' id='word_1_502' title='bbox 1826 2991 1874 3037; x_wconf 90' lang='lat'><strong>1.</strong></span> <span class='ocrx_word' id='word_1_503' title='bbox 1942 2989 2163 3053; x_wconf 84' lang='lat' dir='ltr'><strong>Insuper</strong></span> <span class='ocrx_word' id='word_1_504' title='bbox 2195 2990 2538 3039; x_wconf 63' lang='lat' dir='ltr'><strong>commodes-ori</strong></span> <span class='ocrx_word' id='word_1_505' title='bbox 2567 3005 2652 3038; x_wconf 74' lang='lat' dir='ltr'><strong>ssa</strong></span> 
     </span>
     <span class='ocr_line' id='line_1_86' title="bbox 1590 3063 2652 3128; baseline 0.001 -13"><span class='ocrx_word' id='word_1_506' title='bbox 1590 3065 1740 3116; x_wconf 87' lang='lat' dir='ltr'><strong>Leid.</strong></span> <span class='ocrx_word' id='word_1_507' title='bbox 1765 3070 1812 3114; x_wconf 89' lang='lat'><strong>1.</strong></span> <span class='ocrx_word' id='word_1_508' title='bbox 1833 3073 1887 3114; x_wconf 87' lang='lat' dir='ltr'><strong>et</strong></span> <span class='ocrx_word' id='word_1_509' title='bbox 1915 3063 2101 3128; x_wconf 76' lang='lat' dir='ltr'><strong>fragm.</strong></span> <span class='ocrx_word' id='word_1_510' title='bbox 2137 3066 2274 3116; x_wconf 81' lang='lat' dir='ltr'><strong>Hav.</strong></span> <span class='ocrx_word' id='word_1_511' title='bbox 2317 3067 2652 3116; x_wconf 66' lang='lat' dir='ltr'><strong>commodent-i</strong></span> 
     </span>
     <span class='ocr_line' id='line_1_87' title="bbox 1588 3143 2652 3198; baseline 0.004 -9"><span class='ocrx_word' id='word_1_512' title='bbox 1588 3155 1686 3189; x_wconf 76' lang='lat' dir='ltr'><strong>suoe</strong></span> <span class='ocrx_word' id='word_1_513' title='bbox 1709 3143 1859 3191; x_wconf 83' lang='lat' dir='ltr'><strong>Voss.</strong></span> <span class='ocrx_word' id='word_1_514' title='bbox 1881 3147 1929 3191; x_wconf 90' lang='grc'><strong>2.</strong></span> <span class='ocrx_word' id='word_1_515' title='bbox 1953 3149 2022 3191; x_wconf 87' lang='lat' dir='ltr'><strong>-et</strong></span> <span class='ocrx_word' id='word_1_516' title='bbox 2058 3143 2183 3198; x_wconf 81' lang='lat' dir='ltr'><strong>Lov.</strong></span> <span class='ocrx_word' id='word_1_517' title='bbox 2216 3147 2268 3193; x_wconf 74' lang='lat'><strong>3.</strong></span> <span class='ocrx_word' id='word_1_518' title='bbox 2313 3143 2652 3193; x_wconf 64' lang='lat' dir='ltr'><strong>commodarat-i</strong></span> 
     </span>
     <span class='ocr_line' id='line_1_88' title="bbox 1586 3217 2649 3275; baseline 0 -9"><span class='ocrx_word' id='word_1_519' title='bbox 1586 3230 1723 3266; x_wconf 74' lang='lat' dir='ltr'><strong>suam</strong></span> <span class='ocrx_word' id='word_1_520' title='bbox 1747 3217 1874 3267; x_wconf 72' lang='lat' dir='ltr'><strong>LoV.</strong></span> <span class='ocrx_word' id='word_1_521' title='bbox 1894 3222 1944 3267; x_wconf 89' lang='grc'><strong>2.</strong></span> <span class='ocrx_word' id='word_1_522' title='bbox 1976 3226 2031 3266; x_wconf 88' lang='lat' dir='ltr'><strong>et</strong></span> <span class='ocrx_word' id='word_1_523' title='bbox 2063 3221 2113 3265; x_wconf 90' lang='grc'><strong>4.</strong></span> <span class='ocrx_word' id='word_1_524' title='bbox 2167 3218 2426 3268; x_wconf 69' lang='lat' dir='ltr'><strong>Commoda</strong></span> <span class='ocrx_word' id='word_1_525' title='bbox 2456 3219 2649 3275; x_wconf 76' lang='lat' dir='ltr'><strong>morari,</strong></span> 
     </span>
     <span class='ocr_line' id='line_1_89' title="bbox 1590 3292 2648 3345; baseline 0.004 -7"><span class='ocrx_word' id='word_1_526' title='bbox 1590 3300 1649 3339; x_wconf 84' lang='lat' dir='ltr'><strong>nt</strong></span> <span class='ocrx_word' id='word_1_527' title='bbox 1671 3297 1686 3320; x_wconf 85' lang='lat'>‘</span> <span class='ocrx_word' id='word_1_528' title='bbox 1703 3299 1932 3342; x_wconf 75' lang='lat' dir='ltr'><strong>moi-ator</strong></span> <span class='ocrx_word' id='word_1_529' title='bbox 1967 3292 2251 3342; x_wconf 84' lang='lat' dir='ltr'><strong>commodi’</strong></span> <span class='ocrx_word' id='word_1_530' title='bbox 2282 3307 2347 3343; x_wconf 88' lang='grc' dir='ltr'><strong>ιι.</strong></span> <span class='ocrx_word' id='word_1_531' title='bbox 2371 3297 2457 3343; x_wconf 89' lang='grc'><strong>44.</strong></span> <span class='ocrx_word' id='word_1_532' title='bbox 2478 3297 2495 3322; x_wconf 90' lang='lat'>‘</span> <span class='ocrx_word' id='word_1_533' title='bbox 2514 3296 2648 3345; x_wconf 83' lang='lat' dir='ltr'><strong>Qua-</strong></span> 
     </span>
     <span class='ocr_line' id='line_1_90' title="bbox 1588 3369 2646 3433; baseline 0.002 -17"><span class='ocrx_word' id='word_1_534' title='bbox 1588 3373 1807 3433; x_wconf 85' lang='lat' dir='ltr'><strong>tuorque</strong></span> <span class='ocrx_word' id='word_1_535' title='bbox 1845 3369 2168 3419; x_wconf 86' lang='lat' dir='ltr'><strong>tribunorum</strong></span> <span class='ocrx_word' id='word_1_536' title='bbox 2206 3369 2456 3419; x_wconf 84' lang='lat' dir='ltr'><strong>adversus</strong></span> <span class='ocrx_word' id='word_1_537' title='bbox 2495 3384 2646 3419; x_wconf 86' lang='lat' dir='ltr'><strong>unum</strong></span> 
     </span>
     <span class='ocr_line' id='line_1_91' title="bbox 1587 3444 2645 3507; baseline 0.004 -17"><span class='ocrx_word' id='word_1_538' title='bbox 1587 3450 1895 3494; x_wconf 86' lang='lat' dir='ltr'><strong>moratorem</strong></span> <span class='ocrx_word' id='word_1_539' title='bbox 1931 3444 2129 3507; x_wconf 82' lang='lat' dir='ltr'><strong>publici</strong></span> <span class='ocrx_word' id='word_1_540' title='bbox 2161 3445 2422 3495; x_wconf 86' lang='lat' dir='ltr'><strong>commodi</strong></span> <span class='ocrx_word' id='word_1_541' title='bbox 2459 3446 2645 3495; x_wconf 82' lang='lat' dir='ltr'><strong>auxilio</strong></span> 
     </span>
     <span class='ocr_line' id='line_1_92' title="bbox 1586 3519 2356 3569; baseline -0.001 -1"><span class='ocrx_word' id='word_1_542' title='bbox 1586 3519 1847 3569; x_wconf 84' lang='lat' dir='ltr'><strong>delectum</strong></span> <span class='ocrx_word' id='word_1_543' title='bbox 1871 3521 2108 3569; x_wconf 84' lang='lat' dir='ltr'><strong>consules</strong></span> <span class='ocrx_word' id='word_1_544' title='bbox 2127 3520 2356 3569; x_wconf 72' lang='lat' dir='ltr'><strong>habent:</strong></span> 
     </span>
    </p>

    <p class='ocr_par' dir='ltr' id='par_1_18' title="bbox 1581 3595 2643 4043">
     <span class='ocr_line' id='line_1_93' title="bbox 1591 3595 2643 3658; baseline -0.002 -13"><span class='ocrx_word' id='word_1_545' title='bbox 1591 3626 1597 3631; x_wconf 95' lang='lat'>-</span> <span class='ocrx_word' id='word_1_546' title='bbox 1651 3596 1679 3658; x_wconf 59' lang='grc' dir='ltr'><strong>ξ</strong></span> <span class='ocrx_word' id='word_1_547' title='bbox 1702 3599 1736 3645; x_wconf 88' lang='grc'>9</span> <span class='ocrx_word' id='word_1_548' title='bbox 1757 3595 1981 3644; x_wconf 82' lang='lat' dir='ltr'><strong>Liberam</strong></span> <span class='ocrx_word' id='word_1_549' title='bbox 2002 3596 2164 3644; x_wconf 75' lang='lat' dir='ltr'><strong>urbem</strong></span> <span class='ocrx_word' id='word_1_550' title='bbox 2184 3597 2424 3656; x_wconf 68' lang='lat' dir='ltr'><strong>anforsum</strong></span> <span class='ocrx_word' id='word_1_551' title='bbox 2444 3611 2477 3645; x_wconf 78' lang='lat' dir='ltr'><strong><em>a</em></strong></span> <span class='ocrx_word' id='word_1_552' title='bbox 2497 3595 2643 3644; x_wconf 82' lang='lat' dir='ltr'><strong>oredi-</strong></span> 
     </span>
     <span class='ocr_line' id='line_1_94' title="bbox 1584 3670 2643 3735; baseline -0.001 -15"><span class='ocrx_word' id='word_1_553' title='bbox 1584 3670 1785 3727; x_wconf 71' lang='lat' dir='ltr'><strong>toribus,</strong></span> <span class='ocrx_word' id='word_1_554' title='bbox 1805 3672 1973 3721; x_wconf 83' lang='lat' dir='ltr'><strong>liberos</strong></span> <span class='ocrx_word' id='word_1_555' title='bbox 1992 3687 2138 3733; x_wconf 79' lang='lat' dir='ltr'><strong>agros</strong></span> <span class='ocrx_word' id='word_1_556' title='bbox 2155 3673 2216 3721; x_wconf 80' lang='lat' dir='ltr'><strong>ab</strong></span> <span class='ocrx_word' id='word_1_557' title='bbox 2245 3672 2446 3735; x_wconf 69' lang='lat' dir='ltr'><strong>injustis</strong></span> <span class='ocrx_word' id='word_1_558' title='bbox 2467 3684 2643 3734; x_wconf 82' lang='lat' dir='ltr'><strong>posses·</strong></span> 
     </span>
     <span class='ocr_line' id='line_1_95' title="bbox 1583 3749 2637 3815; baseline 0 -18"><span class='ocrx_word' id='word_1_559' title='bbox 1583 3750 1768 3799; x_wconf 75' lang='lat' dir='ltr'><strong>soribas</strong></span> <span class='ocrx_word' id='word_1_560' title='bbox 1788 3752 2038 3815; x_wconf 78' lang='lat' dir='ltr'><strong>extemplo,</strong></span> <span class='ocrx_word' id='word_1_561' title='bbox 2064 3752 2108 3800; x_wconf 88' lang='lat' dir='ltr'><strong>si</strong></span> <span class='ocrx_word' id='word_1_562' title='bbox 2130 3753 2260 3808; x_wconf 82' lang='lat' dir='ltr'><strong>velit,</strong></span> <span class='ocrx_word' id='word_1_563' title='bbox 2283 3750 2454 3800; x_wconf 66' lang='lat' dir='ltr'><strong>habere</strong></span> <span class='ocrx_word' id='word_1_564' title='bbox 2480 3749 2637 3814; x_wconf 85' lang='lat' dir='ltr'><strong>posse]</strong></span> 
     </span>
     <span class='ocr_line' id='line_1_96' title="bbox 1581 3826 2639 3876; baseline -0.004 0"><span class='ocrx_word' id='word_1_565' title='bbox 1581 3826 1661 3876; x_wconf 77' lang='lat' dir='ltr'><strong>Ab</strong></span> <span class='ocrx_word' id='word_1_566' title='bbox 1695 3827 2005 3876; x_wconf 79' lang='lat' dir='ltr'><strong>creditoribus</strong></span> <span class='ocrx_word' id='word_1_567' title='bbox 2038 3828 2185 3876; x_wconf 85' lang='lat' dir='ltr'><strong>Port.</strong></span> <span class='ocrx_word' id='word_1_568' title='bbox 2218 3834 2274 3876; x_wconf 89' lang='lat' dir='ltr'><strong>et</strong></span> <span class='ocrx_word' id='word_1_569' title='bbox 2308 3826 2447 3876; x_wconf 83' lang='lat' dir='ltr'><strong>Hav.</strong></span> <span class='ocrx_word' id='word_1_570' title='bbox 2513 3826 2639 3874; x_wconf 87' lang='lat' dir='ltr'><strong>Tum</strong></span> 
     </span>
     <span class='ocr_line' id='line_1_97' title="bbox 1581 3901 2641 3965; baseline -0.004 -13"><span class='ocrx_word' id='word_1_571' title='bbox 1581 3907 1631 3952; x_wconf 78' lang='lat' dir='ltr'><strong>et</strong></span> <span class='ocrx_word' id='word_1_572' title='bbox 1653 3903 1823 3952; x_wconf 81' lang='lat' dir='ltr'><strong>liberos</strong></span> <span class='ocrx_word' id='word_1_573' title='bbox 1841 3918 1985 3964; x_wconf 76' lang='lat' dir='ltr'><strong>agros</strong></span> <span class='ocrx_word' id='word_1_574' title='bbox 2009 3903 2070 3952; x_wconf 81' lang='lat' dir='ltr'><strong>ab</strong></span> <span class='ocrx_word' id='word_1_575' title='bbox 2086 3902 2278 3964; x_wconf 72' lang='lat' dir='ltr'><strong>injustis</strong></span> <span class='ocrx_word' id='word_1_576' title='bbox 2303 3901 2641 3965; x_wconf 70' lang='lat' dir='ltr'><strong>possessoribus</strong></span> 
     </span>
     <span class='ocr_line' id='line_1_98' title="bbox 1585 3975 2640 4043; baseline -0.005 -15"><span class='ocrx_word' id='word_1_577' title='bbox 1585 3979 1722 4028; x_wconf 81' lang='lat' dir='ltr'><strong>Hav.</strong></span> <span class='ocrx_word' id='word_1_578' title='bbox 1774 3985 1823 4029; x_wconf 82' lang='lat' dir='ltr'><strong>et</strong></span> <span class='ocrx_word' id='word_1_579' title='bbox 1843 3981 1902 4029; x_wconf 87' lang='lat' dir='ltr'><strong>ob</strong></span> <span class='ocrx_word' id='word_1_580' title='bbox 1921 3979 2115 4040; x_wconf 72' lang='lat' dir='ltr'><strong>injustis</strong></span> <span class='ocrx_word' id='word_1_581' title='bbox 2134 3977 2493 4043; x_wconf 72' lang='lat' dir='ltr'><strong>possessoribus,</strong></span> <span class='ocrx_word' id='word_1_582' title='bbox 2515 3975 2640 4034; x_wconf 54' lang='lat' dir='ltr'><strong>dnaf</strong></span> 
     </span>
    </p>
   </div>
   <div class='ocr_carea' id='block_1_11' title="bbox 1571 4053 2638 4116">
    <p class='ocr_par' dir='ltr' id='par_1_19' title="bbox 1571 4053 2638 4116">
     <span class='ocr_line' id='line_1_99' title="bbox 1571 4053 2638 4116; baseline -0.004 -12"><span class='ocrx_word' id='word_1_583' title='bbox 1571 4055 1679 4105; x_wconf 89' lang='lat' dir='ltr'><strong>-bus</strong></span> <span class='ocrx_word' id='word_1_584' title='bbox 1706 4055 1920 4105; x_wconf 81' lang='lat' dir='ltr'><strong>vocibus</strong></span> <span class='ocrx_word' id='word_1_585' title='bbox 1942 4055 2156 4116; x_wconf 82' lang='lat' dir='ltr'><strong>omissis,</strong></span> <span class='ocrx_word' id='word_1_586' title='bbox 2183 4054 2328 4104; x_wconf 81' lang='lat' dir='ltr'><strong>Harl.</strong></span> <span class='ocrx_word' id='word_1_587' title='bbox 2351 4058 2402 4103; x_wconf 90' lang='grc'><strong>2.</strong></span> <span class='ocrx_word' id='word_1_588' title='bbox 2421 4060 2478 4102; x_wconf 86' lang='lat' dir='ltr'><strong>et</strong></span> <span class='ocrx_word' id='word_1_589' title='bbox 2499 4053 2638 4101; x_wconf 74' lang='lat' dir='ltr'><strong>Port-</strong></span> 
     </span>
    </p>
   </div>
   <div class='ocr_carea' id='block_1_12' title="bbox 1575 4131 2638 4425">
    <p class='ocr_par' dir='ltr' id='par_1_20' title="bbox 1575 4131 2638 4425">
     <span class='ocr_line' id='line_1_100' title="bbox 1580 4131 2638 4193; baseline -0.004 -13"><span class='ocrx_word' id='word_1_590' title='bbox 1580 4131 1630 4181; x_wconf 89' lang='lat' dir='ltr'><strong>iu</strong></span> <span class='ocrx_word' id='word_1_591' title='bbox 1655 4137 1935 4193; x_wconf 78' lang='lat' dir='ltr'><strong>contextn3</strong></span> <span class='ocrx_word' id='word_1_592' title='bbox 1964 4131 2015 4179; x_wconf 88' lang='lat' dir='ltr'><strong>in</strong></span> <span class='ocrx_word' id='word_1_593' title='bbox 2039 4131 2186 4193; x_wconf 84' lang='lat' dir='ltr'><strong>cujus</strong></span> <span class='ocrx_word' id='word_1_594' title='bbox 2209 4133 2447 4192; x_wconf 80' lang='lat' dir='ltr'><strong>margine</strong></span> <span class='ocrx_word' id='word_1_595' title='bbox 2469 4142 2638 4179; x_wconf 86' lang='lat' dir='ltr'><strong>emen-</strong></span> 
     </span>
     <span class='ocr_line' id='line_1_101' title="bbox 1578 4205 2634 4268; baseline 0 -14"><span class='ocrx_word' id='word_1_596' title='bbox 1578 4206 1739 4257; x_wconf 85' lang='lat' dir='ltr'><strong>datur</strong></span> <span class='ocrx_word' id='word_1_597' title='bbox 1767 4206 1937 4256; x_wconf 85' lang='lat' dir='ltr'><strong>liberos</strong></span> <span class='ocrx_word' id='word_1_598' title='bbox 1961 4221 2107 4268; x_wconf 78' lang='lat' dir='ltr'><strong>agros</strong></span> <span class='ocrx_word' id='word_1_599' title='bbox 2143 4211 2192 4255; x_wconf 82' lang='lat' dir='ltr'><strong>et</strong></span> <span class='ocrx_word' id='word_1_600' title='bbox 2222 4205 2282 4254; x_wconf 80' lang='lat' dir='ltr'><strong>ab</strong></span> <span class='ocrx_word' id='word_1_601' title='bbox 2310 4205 2501 4266; x_wconf 71' lang='lat' dir='ltr'><strong>injustis</strong></span> <span class='ocrx_word' id='word_1_602' title='bbox 2529 4219 2634 4267; x_wconf 76' lang='lat' dir='ltr'><strong>pos·</strong></span> 
     </span>
     <span class='ocr_line' id='line_1_102' title="bbox 1575 4280 2633 4332; baseline -0.005 0"><span class='ocrx_word' id='word_1_603' title='bbox 1575 4282 1846 4332; x_wconf 80' lang='lat' dir='ltr'><strong>sessoribus.</strong></span> <span class='ocrx_word' id='word_1_604' title='bbox 1909 4282 2014 4332; x_wconf 88' lang='lat' dir='ltr'><strong>Sed</strong></span> <span class='ocrx_word' id='word_1_605' title='bbox 2057 4283 2170 4331; x_wconf 84' lang='lat' dir='ltr'><strong>sine</strong></span> <span class='ocrx_word' id='word_1_606' title='bbox 2211 4295 2393 4330; x_wconf 84' lang='lat' dir='ltr'><strong>caussa</strong></span> <span class='ocrx_word' id='word_1_607' title='bbox 2435 4280 2633 4329; x_wconf 82' lang='lat' dir='ltr'><strong>Livium</strong></span> 
     </span>
     <span class='ocr_line' id='line_1_103' title="bbox 1579 4355 2629 4425; baseline -0.007 -14"><span class='ocrx_word' id='word_1_608' title='bbox 1579 4357 1844 4412; x_wconf 72' lang='grc' dir='ltr'><strong><em>ἅσυνδέτως</em></strong></span> <span class='ocrx_word' id='word_1_609' title='bbox 1882 4358 2021 4425; x_wconf 86' lang='lat' dir='ltr'><strong>loqui</strong></span> <span class='ocrx_word' id='word_1_610' title='bbox 2054 4357 2347 4424; x_wconf 82' lang='lat' dir='ltr'><strong>probibent,</strong></span> <span class='ocrx_word' id='word_1_611' title='bbox 2387 4371 2534 4422; x_wconf 85' lang='lat' dir='ltr'><strong>quum</strong></span> <span class='ocrx_word' id='word_1_612' title='bbox 2579 4355 2629 4405; x_wconf 85' lang='lat' dir='ltr'><strong>id</strong></span> 
     </span>
    </p>
   </div>
  </div>
 </body>
</html>
