2934 4925
657 417 669 429 ·
724 431 794 478 τ.
838 430 1028 480 mvn
1076 430 1275 480 fflsr.
1325 432 1466 480 mn.
1514 431 1615 482 vr.
1661 434 1828 484 cAr.
1874 419 1979 495 19.

249 578 434 623 censet
450 589 466 633 3
490 573 573 623 vel
589 572 666 623 ita
686 572 1015 625 scribendum
1038 575 1312 639 opinatur:

245 664 359 699 nam
382 654 492 713 quia
513 652 723 699 eumdem
742 655 791 701 et
813 666 912 701 suoe
922 654 1025 716 pot.
1045 657 1094 702 et
1114 652 1195 702 lib.
1216 667 1313 702 om-

246 725 383 775 nium
409 726 567 790 finem
606 725 892 777 cernebant:
944 727 1026 777 vel
1070 727 1314 793 denique,

249 810 373 866 post
396 812 552 851 voces
583 816 694 850 nam
724 806 771 851 et
806 802 1145 866 distinguens,
1178 804 1312 854 hunc

249 877 529 928 verborum
553 892 759 929 sensnm
775 887 830 929 et
850 881 1086 929 ordinem
1096 894 1209 929 esse
1223 895 1311 930 ex-

246 955 476 1005 istimat:
501 956 520 982 ⁶
536 966 654 1004 nam
678 962 731 1005 et
751 955 766 980 ’
786 956 1165 1020 tribuniplebis
1187 957 1206 985 ‘
1224 958 1311 1007 de·

249 1030 498 1081 uiderant
520 1032 906 1082 seauctoritat'i
924 1032 1160 1096 Petrum,
1191 1034 1312 1097 qnia

248 1106 556 1167 cernebant,
588 1107 821 1156 eumdem
844 1107 997 1158 finem
1019 1115 1074 1159 et
1096 1125 1200 1159 ωε
1223 1125 1312 1174 po·

250 1183 493 1234 testatis’
526 1182 660 1245 fore,
689 1186 877 1249 ‘quem
912 1184 1171 1236 libertatis
1205 1202 1311 1236 om·

249 1260 391 1308 nium
414 1258 449 1308 ε’
480 1274 597 1324 quae
617 1260 799 1310 ultima
819 1262 1075 1311 sententia
1101 1263 1311 1327 reliquis

249 1335 605 1399 praeferenda,
640 1342 802 1401 atque
837 1338 909 1386 ita
945 1338 1071 1388 nihil
1109 1348 1310 1390 mutan·

251 1414 496 1463 dum-est.
546 1413 713 1463 Aliam
738 1413 905 1465 adhuc
927 1414 1198 1465 lectionem
1222 1415 1312 1465 ob-

246 1488 353 1539 fert
376 1491 536 1540 Voss.
555 1494 608 1541 2.
640 1504 836 1555 namque
863 1497 927 1547 el.
962 1493 1076 1555 qnia
1106 1495 1314 1542 eumdem

248 1572 298 1639 et
327 1583 429 1617 suoe
463 1574 566 1631 pot.
595 1568 922 1633 libertatisque
937 1560 1142 1619 omnium
1160 1570 1315 1635 finem

249 1644 534 1694 cernebant.-
556 1656 706 1710 quem
724 1645 767 1694 sl
792 1645 1087 1709 recipimus,
1102 1660 1314 1696 evanes-

248 1721 326 1770 cit
351 1720 558 1776 duritia,
582 1734 732 1785 quam
758 1722 808 1770 in
831 1722 1203 1784 compositione
1227 1723 1315 1771 de·

248 1797 592 1861 prehendisse
635 1798 732 1846 sibi
774 1797 1074 1847 Glareanus·
1105 1797 1316 1848 videba-

250 1883 356 1927 tur.
425 1874 570 1925 Nihil
604 1876 743 1926 alind
780 1878 989 1927 enimin
1013 1890 1073 1926 en
1094 1876 1192 1940 ipsi
1214 1876 1315 1926 dis-

248 1952 495 2015 plicuisse
530 1951 793 2015 existimo,
823 1966 973 2017 quam
997 1953 1133 2017 quod
1158 1953 1209 2002 in
1231 1966 1316 2000 ea-

249 2028 370 2078 dem
407 2028 625 2092 periodo
661 2028 722 2078 τὸ
760 2033 808 2079 et
853 2029 931 2078 bis
971 2044 1064 2092 pro
1097 2030 1322 2078 ‘etiam’

248 2110 561 2168 poneretur.
629 2105 837 2155 Deinde
860 2105 1139 2155 auctoritati
1167 2120 1220 2154 se
1238 2108 1318 2156 de-

247 2182 423 2230 derant
436 2180 590 2229 Voss.
603 2184 653 2231 2.
671 2182 800 2231 Lov.
823 2185 874 2231 3.
895 2182 1114 2232 Gaertn.
1133 2180 1322 2246 fra'gm.

247 2256 390 2307 Hav.
418 2265 476 2307 et
499 2257 719 2307 Hearnii
744 2258 918 2309 Oxou.
937 2259 997 2309 C.
1019 2259 1322 2311 auctoritatis

248 2335 503 2383 ediderant
525 2334 729 2384 Leid.1.
752 2342 805 2384 et
831 2336 955 2385 Lov.
973 2341 1022 2386 2.
1042 2351 1102 2385 ac
1121 2341 1171 2387 4.
1205 2350 1316 2387 auc·

247 2413 484 2462 lerientes·
494 2413 742 2463 ediderant
764 2412 912 2463 Harl.
937 2416 983 2465 1.
1033 2415 1320 2465 auctoritate

244 2503 296 2537 se
318 2490 601 2539 dediderant
623 2490 742 2539 edd.
765 2497 898 2540 velt.
922 2491 1195 2547 nonnulle,
1223 2501 1317 2554 pro

245 2579 348 2630 quo
365 2567 478 2630 jam
493 2568 746 2616 Tarvisini
773 2573 1090 2631 receperunt
1111 2568 1317 2617 auctori·

246 2644 376 2691 tati:
424 2644 566 2707 quod
603 2644 758 2693 etiam
797 2651 1068 2708 supererat
1106 2646 1157 2692 in
1197 2643 1319 2694 edd'.

246 2716 402 2767 Rom.
425 2722 574 2768 1472.
595 2726 650 2768 et
672 2719 850 2768 Parm.

313 2795 394 2844 Hi
433 2800 537 2844 tum
573 2810 748 2857 omnes,
786 2795 902 2859 quid
923 2795 1064 2854 sacto
1096 2812 1211 2860 opus
1233 2798 1320 2853 sit,

246 2873 548 2940 consultant]
584 2872 648 2923 A.
686 2874 987 2922 Perizonius
1027 2874 1091 2922 ad
1133 2874 1318 2937 margi·

246 2961 365 2997 nem
392 2948 605 2997 cod.sni
630 2948 930 3012 adscripsit,
955 2964 1106 3000 voces
1137 2951 1189 2998 m
1219 2957 1321 2999 tum

246 3024 431 3074 abesse
456 3035 630 3086 posse.
694 3025 885 3075 Fateor
906 3025 1171 3090 equidem,
1210 3028 1320 3076 sine

245 3099 531 3165 dispendio
577 3113 756 3150 sensns
796 3116 883 3150 eas
926 3101 1089 3151 deleri
1135 3117 1318 3167 posse3

243 3178 336 3227 sed
383 3178 598 3241 iusuper
638 3179 793 3240 addo,
833 3179 920 3243 qui
955 3179 1130 3228 invitis
1166 3179 1318 3230 codd.

243 3253 527 3310 deleverit,
562 3268 664 3302 non
688 3254 1028 3315 intellexisse,
1063 3263 1151 3305 aut
1175 3262 1319 3304 certe

244 3342 349 3378 non
376 3328 680 3378 adtendisse
718 3331 785 3379 ad
822 3330 960 3380 Livii
995 3331 1319 3395 aliorumque

244 3405 565 3468 scriptorum
603 3417 818 3467 morem,
851 3408 940 3471 qni
978 3408 1077 3456 hoe
1113 3408 1319 3457 similia·

244 3497 347 3547 que
386 3484 711 3547 pronomina,
748 3491 1013 3548 tamquam
1051 3485 1319 3549 repetitio·

241 3563 336 3610 nes
364 3560 649 3623 nominum,
682 3574 798 3625 quae
829 3570 1228 3624 pracesserant,
1254 3561 1320 3610 ad

244 3637 550 3686 memoriam
574 3637 829 3685 lectorum
846 3636 1136 3699 juvandam
1161 3638 1319 3686 inter-

243 3725 445 3777 ponere
467 3719 871 3768 consueverunt,
906 3725 1064 3776 quum
1101 3721 1218 3776 post
1241 3714 1317 3762 in·

244 3795 457 3853 ceptam
481 3788 769 3837 orationem
796 3789 955 3837 multa
974 3790 1111 3838 inter
1129 3803 1317 3839 nomen

244 3870 301 3914 et
325 3864 544 3913 verbum
571 3863 740 3912 media
770 3865 1220 3929 interposuissent,
1259 3873 1319 3916 ut

244 3940 319 3988 ita
341 3937 678 3988 manifestum
701 3938 872 4001 fleret,
889 3941 1318 4005 quemadmodum

245 4016 433 4065 ultima
489 4014 672 4078 primis
726 4016 1070 4069 cohaererent.
1171 4015 1320 4067 Infra

247 4103 383 4141 xxv.
427 4093 513 4139 27.
547 4095 565 4119 ‘
596 4090 699 4142 Qui
747 4090 1087 4156 Hippocratis
1126 4094 1318 4143 milites

246 4169 481 4231 fuerant,
516 4168 572 4218 in
612 4168 749 4218 haud
792 4183 977 4233 magna
1001 4171 1214 4235 oppida,
1236 4185 1318 4221 cea

249 4254 417 4295 terum
473 4253 529 4294 et
582 4246 687 4293 situ
735 4253 791 4294 et
833 4247 1166 4296 munimentis
1206 4253 1320 4295 tuta

248 4323 379 4388 (tria
401 4321 568 4373 millia
587 4322 808 4372 alterum
840 4322 904 4371 ab
937 4322 1227 4387 Syracusis,
1253 4323 1322 4372 al-

2275 422 2451 489 7963

1391 581 1557 626 terum
1585 578 1877 643 quindecim
1916 579 2097 646 abest)
2121 594 2184 630 eo
2218 582 2279 631 et'
2313 596 2449 633 com-

1387 660 1591 702 meatus
1623 668 1652 703 e
1689 655 1987 704 civitatibus
2018 656 2125 706 suis
2159 660 2450 722 comporta·

1385 732 1529 796 bant,
1580 739 1635 782 et
1690 733 1880 783 auxilia
1934 734 2336 784 arcessebant&
2379 736 2447 786 ad

1387 824 1538 874 quem
1561 810 1728 858 locum
1756 810 1903 873 plura
1937 809 2194 861 dicentur.
2264 812 2447 862 Eidem

1357 888 1463 935 ⁴rei
1518 886 1797 951 aliqnando
1862 886 2112 937 inservire
2167 890 2450 953 particulas

1387 963 1404 991 ‘
1423 962 1636 1026 itaque‚’
1669 966 1685 991 ⁴
1705 962 1904 1028 igitur,’
1927 965 2235 1030 similesque,
2254 968 2451 1016 monuit

1386 1039 1684 1090 Gronovius
1725 1040 1793 1089 ad
1823 1041 1957 1092 Livii
1993 1056 2055 1093 ιι.
2078 1045 2159 1091 12.
2182 1043 2210 1105 §
2233 1045 2282 1093 2.
2349 1042 2449 1092 Ce-

1388 1123 1554 1166 terum
1588 1117 1661 1165 hit
1699 1116 1798 1166 ιαὶῗι
1831 1132 1990 1167 omnes
2025 1116 2221 1168 babent
2254 1119 2380 1169 Lov-
2403 1123 2450 1177 1.

1387 1199 1443 1241 et
1462 1191 1646 1256 fragm.
1666 1193 1805 1242 Har.
1835 1194 1889 1243 1η·
1909 1199 2067 1253 tamen
2087 1208 2243 1245 omnes
2259 1196 2383 1246 Lov.
2396 1199 2447 1246 4'.

1385 1268 1458 1317 hii
1492 1271 1546 1318 tn
1580 1284 1737 1319 omnes
1773 1269 1994 1320 Gaertn.
2033 1268 2130 1320 tari
2170 1280 2260 1320 aut
2289 1273 2363 1328 tii,
2395 1272 2449 1320 id

1387 1352 1469 1396 est
1506 1353 1679 1411 tamen,
1712 1355 1765 1397 et
1804 1352 1879 1412 lu,
1911 1348 2019 1396 sive
2041 1354 2161 1410 tum,
2183 1348 2371 1410 saepius
2395 1350 2450 1398 in

1385 1424 1516 1473 Mss.
1555 1422 1823 1487 confundi,
1869 1425 2155 1475 videbimus
2202 1426 2267 1474 ad
2305 1438 2450 1475 xxir.

1389 1502 1470 1549 17.
1509 1501 1609 1564 ξδ.
1662 1500 1781 1549 Tum
1815 1500 1911 1549 hoc
1952 1500 2066 1551 loco
2106 1500 2449 1550 servandum:

1389 1585 1469 1627 est
1491 1578 1624 1627 enim
1644 1576 1892 1642 repetitio
1910 1578 2138 1642 ejusdem
2158 1580 2315 1634 vocis,
2332 1590 2449 1643 quae

1386 1652 1439 1703 in
1477 1653 1628 1704 initio
1661 1652 1862 1720 periodi
1895 1657 2180 1719 praecessit.
2245 1655 2451 1704 Deinde

1376 1730 1516 1791 sacto
1547 1731 1673 1794 quid„
1693 1742 1817 1794 opus·
1840 1730 1908 1780 sit
1944 1731 2072 1780 Lov.
2095 1736 2144 1780 δ.
2191 1733 2313 1794 aava
2337 1744 2452 1794 opus

1373 1805 1515 1865 sacto
1536 1807 1602 1856 sit
1628 1804 1765 1856 Hav.
1828 1804 1964 1857 vide
1990 1806 2055 1857 ad
2082 1818 2341 1857 xxxvnr.
2370 1812 2451 1858 10.

1390 1883 1420 1946 ς
1447 1888 1495 1931 1.

1453 1962 1483 2025 §
1517 1965 1546 2009 5
1586 1958 1707 2009 Eam
1728 1966 1885 2009 autem
1902 1959 2113 2022 ingentis
2132 1960 2452 2012 dimicationis

1375 2036 1494 2096 sore
1545 2035 1822 2100 adpareret]
1875 2036 2098 2097 Ingentis
2150 2034 2453 2086 dimicatoris

1391 2113 1614 2163 Gaertn.
1681 2112 1999 2161 dimicationis
2049 2113 2260 2174 ingentis
2310 2110 2448 2162 Hav.

1390 2188 1578 2238 Paullo
1598 2196 1721 2238 aute
1741 2187 1800 2236 τὸ
1827 2188 1924 2237 eim
1946 2189 2130 2238 deerat
2154 2189 2205 2237 in
2229 2187 2449 2238 Gaertn.

1393 2264 1566 2328 spatio
1592 2272 1765 2313 tamen
1788 2278 1946 2314 vacuo
1969 2265 2170 2315 omissae
2190 2266 2308 2315 voci
2328 2266 2450 2315 scri·

1393 2338 1578 2390 bendae
1619 2340 1817 2388 relicto.

1455 2410 1535 2467 Μ.
1560 2414 1816 2468 Menenius
1845 2420 1891 2467 et
1936 2416 2001 2474 Q.
2043 2414 2243 2467 Publius
2273 2416 2455 2467 tribuni

1385 2494 1566 2559 plebis]
1616 2492 1917 2557 Legendnm
1958 2493 2021 2549 Q.
2057 2494 2315 2556 Publilius,
2349 2507 2452 2543 non

1395 2571 1457 2627 Q.
1480 2570 1702 2619 Publius.
1767 2570 1938 2620 Nemo
1961 2569 2097 2619 enim
2135 2570 2238 2619 dno
2272 2570 2454 2620 habuit

1392 2648 1732 2713 praenomina.
1769 2643 1912 2694 Glar.
1978 2646 2120 2708 Lege
2146 2646 2220 2694 M.
2246 2646 2457 2695 Moenius

1390 2731 1439 2774 et
1464 2723 1528 2779 Q.
1552 2721 1809 2771 Publilius.
1872 2721 2101 2777 Maenins,
2141 2721 2271 2785 quia*
2294 2723 2311 2750 ⁴
2336 2722 2453 2770 Me-

1392 2795 1563 2845 nenii’
1599 2797 1825 2860 patricii,
1861 2804 1915 2846 et
1956 2810 2097 2858 saepe
2135 2798 2184 2843 in
2224 2795 2324 2846 hoc
2360 2812 2452 2845 no·

1392 2873 1528 2922 mine
1550 2881 1781 2922 erratum
1804 2879 1917 2921 est:
1953 2871 2211 2928 Publilius,
2245 2888 2309 2922 ne
2349 2874 2452 2923 duo

1393 2951 1712 3013 praenomina
1766 2947 1970 2998 coe'ant.
2052 2949 2206 2999 Quod
2251 2948 2300 2997 in
2352 2948 2453 2999 bac

1392 3036 1552 3089 gente
1568 3025 1627 3075 fit
1648 3026 1851 3089 ubique,
1872 3033 1929 3074 ut
1945 3031 2067 3074 ante
2087 3026 2239 3074 etiam
2259 3026 2449 3076 m'onui.

1392 3102 1568 3165 Sigon.
1629 3102 1708 3152 M.
1743 3097 1999 3151 Menenius
2043 3099 2251 3150 servant
2308 3101 2450 3151 Flur.

1392 3177 1549 3225 Voss.
1572 3179 1622 3225 2.
1658 3178 1787 3226 Lov.
1819 3181 1869 3226 2.
1902 3181 1948 3226 3.
1968 3177 2020 3227 4’.
2041 3183 2090 3226 5.
2129 3176 2276 3227 Harl.
2311 3183 2449 3227 uter-

1392 3265 1514 3318 que,
1552 3252 1700 3303 Pori.
1738 3252 1962 3303 Gaertn.
2001 3254 2140 3304 Hav.
2180 3260 2235 3303 et
2263 3253 2449 3318 fragm.

1392 3330 1531 3379 Hav.
1583 3329 1654 3380 Et
1677 3345 1800 3379 sane
1824 3341 1989 3394 quum·
2002 3330 2129 3395 Agr.
2153 3329 2449 3397 Menenius,

1390 3408 1479 3471 qui
1505 3405 1709 3470 plebem
1746 3408 1797 3456 in
1826 3407 2037 3456 Sacrum
2064 3415 2288 3457 montem
2311 3423 2452 3458 sece-

1393 3484 1600 3533 dentem
1629 3485 1680 3532 in
1705 3482 1900 3533 Urbem
1926 3483 2155 3548 reduxit,
2177 3483 2195 3510 ‘
2213 3499 2277 3533 ex
2294 3485 2448 3548 plebe

1391 3559 1637 3609 oriundus
1657 3560 1672 3583 ’
1706 3558 1865 3609 fuisse
1904 3557 2110 3609 dicatur
2143 3571 2207 3609 rr.
2242 3564 2323 3609 32.
2358 3573 2450 3611 ue*-

1391 3651 1536 3686 cesse
1580 3651 1685 3686 non
1718 3641 1823 3700 est,
1854 3642 1933 3699 nt,
1965 3635 2063 3685 nisi
2096 3637 2196 3684 alia
2229 3635 2336 3699 ejus
2370 3635 2449 3685 rei

1390 3726 1571 3762 caussa
1590 3712 1675 3769 sit',
1700 3712 1797 3761 hoc
1817 3717 2273 3761 nomenmutetur.
2332 3711 2450 3765 Quo

1392 3798 1627 3852 tempore
1652 3789 1787 3837 enim
1813 3789 1892 3837 vel
1917 3788 2027 3852 ipse
2048 3789 2136 3838 ille
2154 3787 2450 3854 Menenius,

1391 3866 1477 3913 vel
1504 3865 1683 3929 aliquis
1707 3866 1960 3928 majorum
1986 3866 2093 3928 ejus
2117 3866 2259 3914 inter
2286 3865 2449 3928 patri·

1392 3941 1497 3991 cios
1521 3939 1878 4004 adlegeb'atur,
1909 3942 2094 4006 reliqui
2134 3941 2247 4004 ejus
2279 3945 2448 4006 gentis

1392 4017 1533 4066 inter
1554 4017 1783 4080 plebeios
1816 4017 2107 4067 substitisse
2147 4019 2447 4083 potuerunt,

1393 4109 1462 4143 ex
1485 4107 1701 4157 qnorum
1726 4093 1949 4157 posteris
1973 4107 2109 4143 nunc
2134 4095 2318 4158 aliquis
2355 4094 2447 4143 tri-

1392 4168 1641 4220 bunatum
1680 4168 1845 4231 plebis
1886 4176 2108 4232 gereret.
2178 4169 2296 4219 Non
2336 4170 2447 4235 qui-

1394 4247 1513 4296 dem
1538 4245 1725 4310 reliqui
1761 4243 1912 4293 codd.
1936 4243 2119 4309 quibus
2158 4259 2279 4294 usus
2315 4259 2445 4301 sum,

1393 4322 1447 4372 iu
1489 4335 1601 4372 eam
1639 4320 1916 4372 lectionem
1958 4317 2305 4386 consentiunt,
2351 4315 2445 4371 sed
