2934 4925
480 418 660 488 7898

547 582 755 633 Breuem
771 580 1057 631 emamus
1086 593 1185 630 esse
1202 576 1399 640 ferendi
1425 589 1546 627 eux-

474 657 578 723 s'lii]
624 657 690 707 'rb
722 672 821 708 esse
842 656 1023 708 deficit
1047 657 1099 706 in
1124 655 1261 706 Hav.
1328 654 1404 706 At
1425 667 1548 704 cou-

479 741 560 787 tra
583 735 661 786 bis
682 735 918 786 obcurrit
936 735 990 784 iu
1009 735 1229 785 Gaertn.
1249 733 1348 783 boc
1364 732 1544 781 ruodo=

476 811 665 863 brevem
685 828 833 863 oecos.
856 826 958 863 esse
979 812 1177 873 serendi
1208 825 1308 861 esse
1339 809 1515 860 auxilii
1528 825 1546 858 .-

480 888 630 953 quasi
654 889 905 944 librarius,
924 889 977 937 in
994 888 1151 937 variis
1175 885 1329 937 codd.
1349 885 1547 935 duobus

477 963 611 1015 locis
645 966 972 1015 conlocatum
995 964 1281 1025 inveniens,
1318 962 1548 1012 incertus

478 1040 714 1097 haeserit‚
728 1065 736 1072 ·
748 1041 837 1089 ubi
861 1040 979 1103 poni
1002 1039 1257 1089 debuerit.

546 1118 623 1166 Εο
642 1118 738 1167 cim
754 1116 949 1166 Camilli
960 1114 1021 1166 ub
1037 1115 1186 1164 Antio
1194 1114 1396 1176 fortuna
1411 1126 1545 1162 aver-

477 1193 569 1257 tit]
616 1193 812 1242 Evertit
846 1191 1100 1254 scriptum
1136 1188 1309 1240 fuerat
1341 1190 1392 1238 iu
1420 1190 1548 1239 Lov-

475 1272 527 1318 ὖ.
550 1275 604 1317 et
627 1268 680 1317 iu
703 1273 960 1317 contextu
974 1266 1127 1315 Voss.
1152 1269 1197 1316 1.
1221 1266 1272 1315 iu
1294 1280 1396 1331 quo
1419 1265 1546 1327 legi-

478 1350 567 1393 tur
586 1344 768 1393 avertit
791 1343 931 1392 inter
951 1357 1148 1393 versus.
1197 1342 1428 1393 Advertit
1455 1341 1547 1390 ha-

476 1420 571 1471 bet
609 1418 795 1484 fragm.
830 1419 967 1469 Hav.
1005 1427 1064 1469 ut
1102 1419 1287 1470 millies
1319 1419 1373 1468 in
1415 1418 1547 1469 Mas.

476 1497 732 1548 variatur.
783 1497 924 1546 Vide
945 1497 1043 1547 boc
1065 1496 1155 1547 lib.
1179 1497 1244 1546 ad
1266 1510 1316 1547 c.
1337 1498 1420 1546 28.
1445 1497 1475 1559 §
1495 1498 1546 1546 8.

477 1583 538 1625 et
560 1589 680 1625 inox
702 1575 800 1625 boc
824 1589 942 1639 cap.
967 1572 1034 1623 ad
1056 1577 1084 1639 ς
1106 1578 1158 1623 9.

539 1653 570 1716 ξ
599 1656 633 1701 4
672 1654 891 1717 Namque
924 1666 1069 1716 quum
1104 1665 1163 1700 eu
1197 1651 1299 1701 loco
1333 1649 1548 1715 obposita

474 1728 717 1793 Etr-mie]
750 1731 882 1779 Num
896 1742 1039 1794 quum
1055 1744 1112 1778 eu
1134 1727 1277 1792 typis
1293 1727 1545 1791 descripti

473 1818 643 1868 usque
668 1805 731 1855 ad
755 1805 968 1865 Aldurn‚
1002 1805 1088 1871 qui
1117 1806 1331 1868 Namque
1350 1803 1540 1855 substi-

471 1882 595 1942 tuit,
621 1882 1015 1934 concinentibus
1038 1882 1273 1933 omnibus
1311 1881 1545 1945 scriptis.

472 1959 539 2007 Τὸ
559 1960 714 2022 quein
738 1959 944 2022 codice,
966 1973 1119 2024 quem
1142 1960 1296 2023 primi
1314 1959 1544 2010 editores

472 2036 640 2084 secuti
658 2042 796 2101 sunt,
814 2036 1072 2087 excidisse
1089 2036 1296 2086 videtur
1315 2036 1383 2086 ob
1405 2035 1546 2086 simi·

473 2111 748 2162 litndinem
787 2113 1052 2176 sequentis
1086 2126 1248 2174 quum.
1314 2110 1453 2161 Vide
1478 2110 1545 2161 ad

475 2199 725 2237 xxxvnr.
765 2192 849 2238 40.
885 2190 914 2252 §
950 2192 1003 2238 7.
1078 2188 1276 2238 Contra
1312 2201 1439 2238 vero
1477 2187 1548 2238 ob

473 2263 782 2327 praecedeus
806 2278 893 2327 que
907 2263 1106 2314 excidit
1120 2263 1179 2312 τὸ
1190 2278 1330 2328 quusi
1345 2264 1396 2313 in
1416 2264 1547 2314 Lov.

472 2342 526 2388 4.
593 2338 797 2387 Deinde
834 2339 1052 2403 appositu
1082 2340 1301 2389 Etruria·
1333 2339 1461 2390 Lov.
1501 2345 1549 2390 1.

470 2417 590 2463 §.et
610 2415 759 2465 Leid.
773 2420 823 2467 2.
837 2429 1015 2466 errore
1034 2414 1375 2467 librariorum.
1407 2416 1546 2468 Vide

474 2490 540 2540 sd
561 2505 623 2540 11.
647 2496 732 2541 61.
756 2494 785 2556 ς
803 2496 855 2543 4.
921 2493 1050 2542 Mox
1068 2498 1222 2556 portoe
1240 2499 1411 2552 essent,
1446 2509 1546 2559 pro

468 2575 716 2633 pmoeque
737 2575 914 2627 essent,
946 2573 1208 2621 nonnullae
1231 2587 1298 2622 ex
1315 2573 1544 2638 antiquis

473 2647 597 2698 edd.

539 2725 611 2775 Et
632 2726 731 2775 illis
751 2726 1010 2791 occupandi
1026 2741 1100 2787 ea,
1121 2741 1266 2792 quum
1283 2727 1401 2792 quid
1426 2728 1543 2778 novi

467 2801 768 2864 molirentur,
794 2809 844 2853 et
882 2805 1115 2854 Itomonis
1132 2807 1441 2869 recuperandi
1462 2812 1540 2856 tu·

468 2879 674 2941 crudique
691 2894 808 2929 euru
827 2879 957 2943 erut]
1007 2881 1163 2931 Prius
1196 2887 1244 2932 et
1277 2883 1541 2932 omittitur

470 2953 525 3002 in
563 2955 713 3005 Leid.
743 2958 794 3004 2.
831 2962 886 3005 et
923 2956 1055 3005 Lov.
1090 2959 1137 3008 1.
1196 2957 1300 3007 Sed
1325 2958 1445 3009 vide
1471 2959 1539 3010 ed

468 3042 537 3080 ιι.
559 3035 643 3081 44.
667 3033 695 3095 §
718 3035 768 3081 3.
834 3033 1007 3083 Facile
1043 3039 1218 3084 antem
1256 3048 1320 3084 ea
1354 3037 1540 3087 vocula

468 3105 555 3156 hic
596 3109 857 3171 preteriri
897 3123 931 3157 a
973 3110 1285 3174 neglegente
1323 3111 1539 3163 librario

468 3185 649 3246 potuit
693 3185 763 3234 ob
806 3186 1195 3237 similitudinem
1240 3189 1540 3240 ultimarum

467 3259 736 3311 literarum
776 3262 916 3312 vocis
952 3264 1186 3326 praeced.
1220 3271 1391 3330 essent,
1427 3268 1540 3318 sive

467 3339 619 3387 esset.
650 3338 785 3389 Vide
807 3338 874 3388 ad
895 3352 1123 3390 xxxvn.
1146 3345 1229 3391 59.
1254 3343 1282 3405 ᾗ
1309 3345 1353 3393 1.
1395 3342 1539 3394 Hinc

466 3414 717 3465 emoliendi
743 3417 866 3466 Lov.
889 3421 941 3466 4.
996 3417 1160 3480 Dein,
1183 3417 1369 3468 addita
1391 3432 1540 3485 voce,

466 3491 723 3555 tuendique
752 3507 870 3543 curu
890 3498 996 3543 erut
1017 3495 1130 3556 agri
1153 3495 1279 3544 Lov-
1303 3498 1353 3546 1.
1403 3502 1541 3548 tuen·

464 3568 608 3631 dique
627 3570 740 3631 agri
776 3585 892 3620 curu
927 3576 1032 3620 erat
1066 3570 1218 3622 Leid.
1239 3575 1291 3622 2.
1314 3579 1370 3621 et
1387 3570 1542 3625 Voss.

467 3647 516 3692 l.
539 3644 592 3693 in
632 3646 886 3710 margine.
950 3646 1146 3697 Contra
1186 3646 1401 3698 verbum
1433 3655 1542 3701 erut

467 3721 732 3772 omittitur
751 3724 804 3773 in
828 3723 979 3773 Voss.
998 3728 1050 3774 2.
1072 3733 1129 3775 et
1158 3726 1290 3775 Lov.
1312 3729 1361 3775 3.
1405 3732 1541 3777 tuen·

465 3796 608 3858 dique
627 3799 759 3861 agri,
797 3801 996 3851 omissis
1022 3802 1237 3853 vocibus
1268 3817 1383 3853 cura
1414 3808 1539 3854 erut.

468 3871 638 3932 Igitur
665 3874 795 3937 legit
818 3876 947 3925 Lov.
967 3881 1018 3927 2.

535 3946 564 4008 ς
592 3952 622 3995 5
663 3949 853 3999 Omissa
872 3951 1047 4016 Antio,
1086 3952 1254 4005 bellm
1284 3954 1540 4005 Etruscum

465 4027 748 4092 susciperet]
804 4031 997 4081 Bellum
1037 4034 1349 4087 Etruscorum
1387 4035 1538 4085 Leid.

465 4106 519 4152 2.
544 4104 754 4168 reliquis
776 4107 1194 4159 adversantibus.

534 4178 773 4240 Legiones
809 4183 1024 4246 urbanoe,
1073 4185 1245 4249 quibus
1283 4188 1539 4244 Quinctius

465 4257 744 4321 proesuerut,
768 4259 814 4308 ei
833 4261 1167 4326 decernuntur]
1206 4264 1458 4328 Superius
1481 4266 1536 4317 iu

469 4334 791 4386 exercituum
810 4336 1059 4388 divisione
1081 4343 1191 4392 αθ.
1212 4340 1272 4390 L.
1290 4340 1536 4394 Quintius

1177 431 1395 484 NOTAE
1443 429 1850 481 vnuomm
1901 429 1984 480 IN

1622 573 1961 624 Cincinnatus
1984 572 2259 623 esusssriis
2299 571 2693 639 senioribusque

1625 651 1930 715 praeficitur,
1946 665 2075 715 quos
2095 650 2181 701 bic
2199 665 2316 700 eum
2336 651 2557 701 Camillo
2572 652 2695 701 mis-

1622 745 1705 781 sos
1739 744 1841 780 nou
1876 736 1960 780 est
2000 729 2310 790 verosimile,
2340 728 2436 778 sed
2469 729 2695 779 aiterum

1621 807 1907 857 exereitum
1931 812 2168 868 paratum
2193 805 2616 869 instructumque
2640 805 2693 854 in

1623 882 1767 932 Urbe
1792 883 1855 933 ad
1880 895 2082 931 omnem
2106 888 2371 938 eventum,
2387 881 2474 929 cui
2497 880 2695 930 Camil'-

1619 960 1700 1009 lus
1718 960 2071 1012 Q.8ervilium
2089 959 2339 1021 collegam
2361 971 2588 1020 praeesse
2607 971 2695 1007 vo-

1620 1038 1739 1088 luit.
1805 1039 1947 1101 Ergo
1982 1037 2080 1086 boc
2117 1037 2232 1085 loeo
2269 1036 2334 1091 Q.
2356 1034 2599 1084 Servilius
2622 1034 2695 1083 le-

1622 1116 1864 1180 gendum.
1882 1130 1974 1179 pro
1991 1129 2094 1180 qno
2115 1113 2348 1170 Quintius
2367 1112 2566 1175 positus
2588 1117 2694 1160 est.

1623 1195 1693 1243 Et
1733 1194 1903 1256 potuit
1941 1190 2108 1241 videri
2145 1204 2176 1238 a
2212 1187 2440 1238 librariis
2472 1201 2693 1250 corrup·

1620 1274 1753 1331 tum,
1775 1269 1945 1317 sinon
1971 1266 2220 1317 continuo
2243 1265 2410 1315 altero
2433 1277 2588 1313 versu
2612 1277 2695 1313 so·

1620 1351 1894 1410 queretur,
1908 1344 1925 1372 ‘
1939 1342 2182 1396 Quintius
2203 1341 2560 1405 Horatiusque
2575 1353 2694 1390 sue-

1621 1435 1857 1472 cessores
1893 1420 2108 1470 Valerio
2148 1420 2203 1468 in
2246 1418 2466 1468 Volscos
2507 1416 2719 1480 missi&
2814 1421 2824 1436 ⁵

1621 1499 1799 1550 Quare
1833 1496 2038 1546 Livium
2074 1494 2321 1545 memoria
2363 1494 2567 1557 lapsum
2589 1494 2693 1544 boc

1619 1574 1736 1638 ioco
1758 1582 2032 1638 putamus:
2067 1571 2168 1621 uisi
2194 1571 2306 1636 quis
2329 1577 2386 1619 et
2426 1572 2542 1620 baec
2579 1584 2690 1620 cor·
2727 1587 2732 1590 -

1620 1658 1776 1714 rupta
1809 1657 1981 1713 putet.
2019 1650 2161 1699 Glur.
2236 1648 2407 1701 Jussit
2445 1646 2692 1711 superius

1620 1727 1882 1783 Camillus,
1915 1728 1983 1779 Q.
2026 1726 2302 1776 Servilium
2337 1725 2579 1775 exercitu
2614 1723 2693 1773 in·

1618 1812 1819 1855 structo
1843 1805 2133 1869 paratoque
2159 1803 2214 1852 in
2235 1800 2382 1853 Urbe
2403 1809 2582 1852 castra
2605 1800 2693 1850 lis-

1619 1881 1765 1945 bere,
1789 1883 2047 1931 intentum
2070 1881 2182 1930 sive
2206 1880 2436 1942 Etruria,
2458 1880 2568 1929 sive
2593 1879 2689 1927 La·

1621 1957 1721 2008 tini
1746 1958 2063 2022 Hernicique
2086 1972 2143 2007 se
2170 1963 2444 2006 moverent
2461 1973 2477 2005 ε
2517 1956 2580 2005 L.
2602 1969 2692 2005 au·

1620 2039 1727 2084 tem
1751 2035 2058 2087 Quinctium
2089 2047 2155 2082 ex
2179 2034 2428 2082 causariis
2454 2032 2691 2084 senibus·

1622 2124 1724 2175 que
1764 2110 2011 2174 scribere,
2045 2112 2132 2175 qui
2169 2109 2300 2159 Urbi
2323 2109 2691 2173 moenibusqne

1622 2187 1869 2253 presidio
1906 2196 2101 2238 esseut.
2170 2187 2283 2237 Hos
2304 2186 2567 2237 credibile
2588 2199 2690 2235 non

1620 2272 1702 2315 est
1734 2264 1972 2327 eductos,
1999 2269 2173 2329 quum'
2192 2263 2408 2313 alterius
2431 2262 2577 2311 baud
2603 2262 2692 2312 du-

1619 2342 1705 2393 bie
1727 2357 1793 2392 ex
1815 2343 2026 2393 militari
2038 2342 2321 2407 juventute
2341 2342 2560 2405 scripta·
2585 2354 2691 2391 ms·
2770 2373 2781 2382 -

1617 2432 1716 2468 uus
1738 2419 1890 2485 copia
1922 2417 2079 2470 foret.
2142 2418 2332 2484 Itaque
2367 2417 2691 2468 commodius

1617 2496 1954 2558 scriberetur,
1974 2496 2142 2560 quibus
2162 2498 2226 2553 Q.
2240 2495 2481 2546 Servilius
2511 2495 2691 2558 pragne-

1614 2578 1740 2622 srut.
1805 2572 1909 2623 Sed
1949 2573 2048 2623 boc
2080 2573 2213 2623 vidit
2237 2585 2444 2637 quoque
2468 2571 2690 2621 Glarea-

1618 2663 1736 2700 nus.
1803 2651 1940 2702 Nam
1963 2650 2100 2714 qnod
2123 2665 2243 2701 mox
2268 2645 2554 2702 Quinctius
2578 2648 2689 2699 Ho-

1615 2727 1888 2793 ratiusque
1911 2729 2266 2792 appellentur,
2285 2727 2412 2777 licet
2432 2726 2688 2790 cogitare,

1616 2804 1739 2868 quia
1762 2806 2046 2868 periculum
2080 2805 2249 2854 minus
2285 2803 2687 2868 exspectatione

1614 2888 1752 2939 erut,
1776 2893 1948 2931 senem
1972 2881 2268 2944 Servilium,
2283 2894 2400 2931 cum
2420 2880 2686 2930 exereitus

1614 2956 1732 3020 ejus
1757 2957 1977 3008 Camillo
1999 2958 2154 3008 datus
2183 2963 2346 3019 esset,
2379 2956 2446 3006 ad
2484 2955 2685 3006 Urbem

1614 3040 1876 3085 retentum
1911 3035 2207 3100 praefuisse,
2249 3034 2334 3099 qui
2368 3041 2691 3097 supererant

1615 3110 1821 3175 armati,
1850 3112 2091 3173 urbanis;
2126 3110 2432 3164 Quinctium
2469 3110 2687 3161 Horati·

1613 3200 1806 3252 umque
1818 3187 2058 3252 juniores
2078 3188 2261 3237 missos
2283 3188 2335 3236 iu
2357 3187 2601 3237 Volscos.
2629 3187 2689 3236 J.

1615 3264 1679 3315 F.
1703 3266 1855 3315 Grau.
1923 3264 2277 3328 Dubitationi,
2307 3277 2461 3329 quam
2498 3263 2580 3313 bic
2609 3263 2682 3312 lo·

1614 3354 1708 3391 cus
1731 3339 1904 3402 affert,
1933 3355 2032 3392 uec
2061 3341 2270 3404 penitus
2293 3341 2503 3389 videtur
2523 3339 2681 3403 injus-

1616 3425 1690 3477 ta,
1711 3419 1789 3470 sic
1808 3417 2028 3470 fortasse
2052 3419 2247 3470 rectius
2271 3424 2601 3482 occurretur,
2624 3421 2680 3466 ut

1615 3494 1832 3545 causat-ii
1859 3496 2063 3545 interea
2084 3494 2463 3550 convaluerint,
2494 3492 2617 3559 (ita,
2639 3492 2680 3542 si

1613 3572 1839 3622 maxima
1879 3584 2001 3635 pars
2037 3570 2261 3622 causarii
2294 3570 2531 3627 fuerunt,
2569 3569 2678 3634 jam

1614 3649 1798 3699 valide.
1821 3655 1978 3699 erunt
1997 3646 2254 3712 legiones)
2270 3654 2324 3698 et
2344 3649 2582 3698 seniores
2596 3661 2680 3698 co-

1614 3726 1838 3789 gitemus
1862 3740 1965 3775 nou
1987 3726 2102 3775 illos
2128 3739 2338 3788 prorsus
2361 3724 2679 3788 decrepitos,

1612 3802 1705 3852 sed
1725 3801 2000 3866 stipendiis
2020 3806 2218 3851 tantum
2242 3800 2384 3865 quod
2407 3799 2681 3864 confectis,

1613 3884 1671 3929 et
1693 3878 1844 3941 tales,
1864 3878 2050 3942 quibus
2070 3878 2352 3926 etiamnum
2381 3876 2576 3942 aliquid
2603 3889 2680 3925 ro·

1613 3955 1756 4007 boris
1790 3962 2109 4019 superesset,
2141 3963 2199 4002 ut
2237 3952 2468 4018 loquitur
2505 3952 2680 4003 Livius

1611 4034 1709 4083 boc
1744 4031 1836 4082 lib.
1868 4046 1985 4095 cap.
2024 4035 2075 4080 2.
2111 4032 2222 4079 Juc.
2252 4031 2411 4078 Gran.
2497 4028 2681 4084 Quibus

1614 4110 1841 4167 Quintius
1871 4107 2133 4173 prasumat
2168 4112 2473 4156 constanter
2495 4103 2676 4167 scripti

1613 4186 1918 4252 praeferunt,
1969 4186 2066 4235 uisi
2118 4183 2257 4249 quod
2312 4183 2429 4232 duae
2477 4183 2675 4246 priores

1608 4278 1766 4314 voces
1790 4276 1893 4312 non
1915 4267 2251 4325 compareant
2272 4259 2326 4309 in
2347 4259 2498 4309 Leid.
2523 4263 2570 4308 1.
2589 4271 2676 4320 op-

1611 4340 1754 4392 timae
1796 4345 1936 4391 uotae
1987 4338 2183 4389 codiee.
2269 4336 2480 4387 Livium
2522 4336 2576 4385 in
2620 4345 2673 4384 re
