2934 4925
459 405 635 477 ⁷860

1149 413 1369 470 No'rAE
1416 411 1826 465 vARtoRUM
1875 413 1991 465 FN-

460 581 576 629 gen.
631 566 745 616 Noa
762 565 992 629 potuisset
1012 578 1190 614 omnes
1208 562 1344 613 Pali.
1397 560 1517 610 Fal·-
1588 562 1673 609 41.
1698 560 1727 623 ς
1749 564 1800 608 8.
1824 559 1877 608 in
1895 525 2018 608 [lov.
2042 561 2214 607 antem
2236 561 2286 607 2.
2308 563 2364 607 et
2381 560 2431 608 4.
2452 556 2539 623 qui
2563 571 2659 607 exe

462 643 591 694 ntur
622 655 747 706 ergo
779 642 1036 706 Sigonius,
1070 648 1250 690 contra
1274 638 1517 687 vetustis·

467 719 618 768 simas
662 732 862 783 quoque
902 716 1024 766 edd.
1070 714 1290 765 tendens
1345 714 1521 776 legere

462 799 637 858 posset.
683 794 854 844 Gebh.
916 792 1153 843 Scholion
1191 792 1288 840 hoc
1324 789 1518 853 Sigonii

467 869 675 919 demum
697 869 937 933 adparuit
960 870 1010 917 in
1028 868 1154 917 edit.
1169 870 1313 916 1592.
1336 867 1518 929 eojam

467 955 669 996 mortno
692 959 903 996 excusa.
968 946 1214 995 Ceterum
1244 957 1339 993 aaa
1366 947 1523 1006 posset

468 1022 608 1088 apud
640 1036 724 1072 me
759 1027 999 1085 superest
1027 1020 1253 1069 inVoss.
1278 1023 1520 1082 utroque,

471 1098 618 1149 Leid.
650 1102 700 1149 2.
735 1099 861 1147 Lov-
882 1101 930 1147 1.
952 1100 1002 1147 4.
1035 1102 1083 1145 5.
1117 1094 1264 1145 Harl.
1287 1098 1337 1144 2.
1374 1095 1526 1144 Port.

468 1176 608 1226 Har.
637 1183 692 1225 et
724 1172 859 1239 apud
885 1174 1172 1224 Hearnium
1206 1172 1260 1220 in
1285 1172 1409 1221 Exc.
1432 1171 1522 1220 Pi·

469 1255 614 1316 thoei,
637 1261 692 1303 et
720 1254 772 1302 in
804 1252 1035 1316 margine
1057 1251 1231 1301 Oxon.
1253 1250 1322 1299 N.
1386 1250 1527 1299 Con·

470 1337 554 1380 tra
571 1344 664 1378 aon
683 1328 908 1393 potuisset
926 1334 1134 1376 servant
1156 1327 1293 1376 Flor.
1317 1325 1462 1375 Leid.
1476 1330 1524 1375 1.

471 1405 602 1455 ιον.
621 1410 671 1454 2.
692 1408 740 1454 3.
766 1403 913 1454 Harl.
933 1407 980 1453 1.
1002 1403 1279 1453 Klockian.
1300 1402 1523 1454 Gaertn.

447 1483 530 1536 ,et
550 1480 732 1546 fragm.
754 1481 891 1531 Hav,
914 1479 1051 1547 qnod
1087 1481 1244 1530 etiam
1282 1479 1525 1543 praefero.

472 1557 613 1609 Alibi
660 1559 795 1608 enim
838 1573 981 1621 saepe
1026 1556 1524 1622 plusquam-perfec·

473 1642 584 1685 tuni
605 1651 698 1700 pro
720 1633 1012 1700 inperfecto
1037 1636 1158 1699 poni
1183 1635 1331 1685 solet.
1385 1634 1525 1685 Vide

476 1711 542 1760 ad
582 1724 782 1760 xxxiv.
818 1714 899 1762 11.
938 1711 966 1775 ξ
1006 1715 1080 1761 2.·
1122 1711 1265 1763 Quin
1301 1717 1352 1760 et
1396 1710 1525 1760 illud

470 1788 703 1852 potuisset
733 1789 785 1838 in
815 1793 971 1851 posset
1005 1787 1235 1837 mutandi
1264 1801 1446 1837 caussa
1466 1788 1526 1837 li·

473 1864 663 1915 brariis
701 1863 838 1915 forte
876 1865 1097 1926 exstitit,
1138 1863 1275 1928 quod
1314 1866 1361 1914 ei
1407 1879 1528 1915 mox

473 1952 571 2004 per
587 1942 823 2005 copulam
841 1956 931 2004 que
941 1940 1183 2004 jungitur
1196 1941 1528 2006 relinquerent.

474 2016 580 2065 Sed
604 2018 722 2067 alibi
748 2018 862 2067 liaec
898 2026 1131 2080 tempora
1154 2017 1305 2082 jungi
1341 2019 1529 2083 solere,

473 2092 655 2145 docuit
677 2096 835 2146 Corte
860 2095 924 2143 ad
947 2093 1074 2144 San.
1090 2094 1215 2158 Jng.
1236 2109 1283 2145 c.
1305 2099 1387 2144 59.
1405 2096 1433 2160 §
1450 2100 1499 2146 3.

480 2193 492 2208 0
547 2171 723 2233 Opere,
761 2171 970 2233 vigiliis,
1007 2171 1382 2235 vulneribusque,
1423 2187 1533 2234 «μοι

471 2260 661 2311 semper
690 2249 873 2297 eosdem
905 2248 1189 2314 arguebant]
1219 2248 1349 2298 Mss.
1388 2250 1530 2309 igno·

478 2329 598 2373 rant
647 2325 989 2387 copulativam
1037 2339 1141 2388 que.
1189 2325 1239 2377 J.
1274 2326 1335 2376 F.
1365 2324 1530 2375 Gron.

479 2399 732 2465 Ignorant
754 2416 865 2451 eam
889 2402 1047 2451 etiam
1069 2415 1243 2451 omnes
1265 2403 1532 2465 meirsolis

479 2479 713 2542 exceptis
738 2481 867 2530 Lov.
888 2485 939 2530 2.
962 2487 1017 2529 et
1038 2479 1257 2531 Gaertn.
1290 2481 1539 2545 ignorant

480 2568 682 2619 quoque
714 2556 930 2607 Hearnii
954 2556 1300 2609 Oxonienses.
1366 2559 1534 2608 Recte

479 2631 662 2697 itaque
716 2633 834 2686 Jac.
878 2634 1172 2686 Gronovius
1225 2636 1533 2700 particulam

481 2709 752 2761 insiticiam
777 2711 966 2762 iterum
999 2727 1066 2762 ex
1099 2712 1348 2765 contextu
1372 2729 1534 2779 expu-

480 2787 563 2837 litz
628 2787 826 2838 Passim
873 2789 1102 2839 Livium·
1128 2791 1361 2854 copulam
1407 2792 1535 2842 omi·

479 2864 627 2928 sisse,
662 2860 884 2930 'vidimus
919 2867 984 2916 ad
1017 2881 1096 2917 ιν.
1126 2872 1175 2918 3.
1203 2869 1232 2933 §
1257 2871 1336 2919 12.
1403 2869 1535 2919 Eam

479 2950 653 2991 autem
677 2942 759 2992 vel
794 2943 986 2994 librarii
1008 2943 1186 2994 dedita
1207 2959 1367 3010 opera
1390 2946 1537 2995 addi-

405 3034 416 3045 ·
480 3017 692 3080 derunt,
709 3021 788 3068 vel
810 3021 942 3070 clam
961 3020 1186 3084 inrepsit
1205 3034 1275 3070 ex
1297 3021 1536 3072 similitu·

445 3154 454 3159 ‚
481 3094 605 3145 dine
645 3096 909 3160 sequentis
944 3113 1076 3161 quoe:
1107 3097 1536 3163 quemadmodum

482 3172 641 3220 etiam
663 3180 798 3236 post
831 3173 970 3221 illam
1005 3173 1285 3236 inrepsisse
1319 3174 1536 3224 vidimus

483 3259 540 3294 v.
562 3250 648 3296 40.
669 3248 697 3310 §
718 3251 767 3296 7.
831 3246 914 3296 Ita
952 3257 1131 3297 contra
1166 3247 1228 3297 τὸ
1260 3263 1348 3313 que
1378 3251 1537 3300 etiam

481 3321 606 3371 elidi
620 3323 751 3372 solet
769 3324 849 3371 vel
867 3337 897 3371 a
916 3324 1233 3387 precedenti
1251 3340 1354 3388 quoe
1367 3341 1388 3384 ‚·
1420 3327 1539 3376 vida

483 3398 614 3450 ibid.
638 3414 686 3449 c.
699 3404 791 3449 41.
810 3401 838 3465 ς
860 3405 911 3451 5.
932 3402 1014 3450 vel
1044 3401 1110 3450 ab
1142 3402 1324 3452 eodem
1356 3418 1539 3466 prono·

483 3477 618 3526 mine
641 3477 899 3542 sequenti.
952 3476 1087 3531 Vide
1107 3476 1174 3527 ad
1196 3492 1310 3529 xer.
1330 3485 1379 3530 2.
1406 3482 1435 3545 §
1458 3484 1538 3532 11.

483 3553 696 3605 Deinde
729 3555 915 3603 eosdem
940 3554 1089 3603 deest
1117 3555 1170 3603 in
1192 3554 1410 3607 Gaertn.
1456 3572 1537 3606 ur-

478 3630 691 3694 guebast
711 3631 761 3680 in
785 3632 939 3681 Voss.
957 3636 1005 3681 2.
1068 3631 1171 3682 Sed
1197 3647 1290 3697 pro
1311 3648 1538 3698 eom-ge-

483 3707 567 3756 bat
603 3706 795 3757 babent
831 3708 957 3757 Lov.
985 3712 1035 3756 2.
1062 3713 1111 3757 3.
1128 3714 1179 3759 4.
1214 3717 1270 3759 et
1306 3709 1455 3761 Leid.
1487 3715 1536 3760 2.

483 3788 651 3847 urget,
672 3783 725 3833 id
749 3792 828 3834 est
850 3790 1061 3848 arg-eret,
1081 3785 1300 3835 Gaertn.
1347 3791 1540 3850 urgeret

484 3870 658 3910 autem
681 3862 833 3910 Port.
856 3869 912 3911 et
934 3862 1070 3911 Hav.

551 3937 654 3986 Per
671 3938 930 4001 pactionem
952 3939 1064 3989 urbe
1094 3940 1304 3989 hostibus
1333 3939 1541 4003 tradita]

493 4010 582 4060 Ut.
603 4026 700 4074 per.
731 4020 856 4076 pact.
900 4015 1040 4064 nullo
1077 4017 1346 4076 commodo
1384 4032 1539 4066 sensu

487 4085 618 4135 Lov.
639 4091 688 4136 2.
708 4091 759 4138 4.
789 4095 845 4137 et
876 4089 1094 4139 Hearuii
1118 4092 1290 4144 Oxou.
1312 4093 1373 4145 C.
1435 4094 1542 4143 Sed

486 4160 616 4213 illud
651 4169 709 4214 ut
742 4166 896 4229 culpa
934 4166 1134 4217 librarii
1174 4170 1226 4218 iu
1265 4171 1544 4234 posteriori

490 4236 609 4289 cod.
633 4246 811 4290 natum
838 4239 1046 4295 videtur.
1064 4257 1129 4291 ex
1152 4244 1344 4294 ultimis
1376 4245 1544 4296 literis

487 4314 738 4382 prosimae
757 4316 894 4367 vocis
910 4316 1187 4380 arguebant.
1216 4319 1349 4370 Vide
1365 4321 1430 4370 ad
1447 4333 1549 4385 yn.

1590 635 1868 685 hibnerant
1908 635 2131 698 urgebat,
2173 632 2312 685 forte
2370 649 2466 698 pro
2513 637 2657 683 varia

1591 711 1819 760 lectione
1851 709 2171 773 adscriptum
2205 707 2306 758 fnit
2338 714 2415 771 nt,
2435 710 2501 758 ad
2530 709 2659 758 indi·

1594 786 1816 838 candum
1834 790 1986 837 etiam
2002 787 2104 849 legi
2119 787 2380 849 urgebant:
2397 786 2538 851 quod
2555 779 2659 835 no'n

1594 865 1916 914 intellectum
1939 865 2007 914 ab
2032 864 2144 912 aliis
2166 878 2367 913 versum
2393 872 2470 913 est
2496 863 2549 911 in
2571 868 2641 912 ut.

1660 942 1871 991 Iuemes
1890 956 1993 990 cm
2013 940 2221 1002 singulis
2236 940 2398 989 emissi
2411 940 2665 989 vestimen-

1595 1016 1680 1080 tis,
1699 1016 1960 1067 niisersbili
1979 1020 2172 1079 agmine
2197 1022 2394 1081 penates
2423 1018 2659 1080 relinque·

1594 1097 1727 1159 rent]
1759 1096 1909 1145 Unde
1942 1095 2198 1160 penderet
2231 1097 2578 1156 constructio,
2600 1096 2660 1144 li-

1597 1170 1763 1228 brarii¹
1781 1171 2081 1235 ignorantes
2102 1171 2426 1235 scripserunt
2448 1172 2500 1220 in
2524 1171 2660 1221 Pali.

1597 1251 1648 1301 1.
1673 1264 1734 1300 ac
1756 1254 1805 1300 3.
1836 1251 2095 1315 reliquere.-
2129 1250 2181 1299 in
2218 1250 2332 1299 Pal.
2369 1255 2420 1301 2.
2457 1250 2665 1314 relique-r

1595 1332 1728 1388 rant,
1761 1334 1821 1376 nt
1856 1328 2017 1378 babet
2054 1327 2301 1390 Campani
2332 1342 2542 1392 quoque
2583 1342 2660 1377 re·

1598 1405 1796 1454 censio.
1825 1404 1981 1454 Gebh.
2039 1405 2361 1455 Intermissum
2379 1405 2509 1467 sing.
2525 1404 2673 1454 emis-

1597 1496 1652 1531 sa
1674 1487 1810 1539 vest..
1832 1484 1916 1545 ξε.
1936 1482 2220 1546 relinqueret
2241 1480 2391 1531 Harl.
2405 1486 2453 1531 1.
2478 1491 2543 1530 ut
2558 1496 2663 1531 om·

1598 1558 1684 1607 nia
1721 1558 1808 1607 illa
1840 1559 2122 1623 respiciant
2146 1573 2328 1608 vocem
2351 1567 2367 1589 ‘
2384 1557 2667 1623 paucitas.’

1600 1636 1812 1686 Iaermes
1858 1637 2029 1686 emissa
2077 1636 2366 1700 relinqueret
2422 1635 2571 1703 Leid.
2616 1640 2663 1684 1.

1600 1711 1877 1762 Klockian.
1923 1713 2051 1761 Lov.
2087 1717 2138 1761 2.
2179 1724 2234 1763 et
2275 1712 2426 1762 Voss.
2471 1716 2522 1761 1.
2567 1710 2665 1760 uisi

1601 1788 1742 1854 qnod
1783 1790 1835 1839 in
1878 1790 2154 1853 posteriori
2194 1806 2225 1839 a
2269 1805 2337 1841 m.
2381 1804 2465 1854 pr.
2509 1787 2666 1840 fuerit

1600 1867 1819 1916 inermem
1886 1867 1992 1918 Sed
2021 1868 2194 1918 entissa
2214 1868 2356 1918 Flor.
2391 1868 2557 1918 emissi
2578 1882 2665 1915 an-

1602 1951 1715 1995 tem
1745 1943 1898 1995 deest
1936 1946 1988 1994 in
2017 1945 2238 1996 Gaertn.
2272 1951 2330 1996 et
2362 1943 2549 2009 priscis
2582 1958 2666 1990 ex·

1602 2021 1739 2071 cusis
1772 2035 1939 2087 usqne
1976 2020 2042 2071 ad
2087 2021 2297 2078 Aldum,
2324 2020 2412 2086 qui
2447 2019 2666 2069 addidit.

1605 2096 1815 2147 Deinde
1851 2097 2110 2162 reliquerat
2145 2095 2334 2160 fragm.
2373 2095 2518 2145 Hav.
2554 2095 2667 2145 reli·

1602 2177 1802 2236 querant
1826 2174 1951 2222 Lov.
1974 2178 2025 2223 5.
2052 2174 2363 2237 ,τιῑίφιπεηὲ
2393 2171 2545 2221 Port.
2595 2185 2668 2219 re.-

1605 2249 1782 2313 liquere
1813 2250 1943 2302 Lov.
1977 2253 2029 2302 3.
2065 2249 2219 2298 Voss.
2251 2252 2302 2297 2.
2335 2252 2393 2298 et
2429 2245 2585 2297 Leid.
2619 2252 2670 2296 2.

1603 2325 1891 2389 relinqueret
1914 2326 2041 2375 Lov.
2077 2329 2123 2375 1.
2165 2324 2496 2388 relinquerunt
2523 2323 2672 2372 Harl.

1606 2403 1655 2451 2.
1710 2402 2008 2466 reliquerant
2048 2400 2264 2452 Heni-nii
2308 2399 2485 2450 Oxou.
2527 2399 2591 2449 1..
2628 2402 2674 2449 1.

1608 2478 1676 2528 N.
1710 2484 1766 2528 et
1797 2478 1950 2542 editi,
1983 2493 2112 2543 quos
2136 2478 2260 2540 vidi,
2284 2491 2458 2541 usqne
2493 2475 2559 2525 ad
2588 2476 2676 2527 Al·

1606 2554 1748 2605 dum.
1815 2556 1920 2606 Sed
1953 2564 2100 2607 recte
2124 2555 2435 2607 Gebhardus
2463 2554 2674 2618 judica·

1606 2633 1702 2691 vit,
1723 2633 1988 2696 ignorasse
2021 2633 2282 2696 librarios,
2304 2631 2444 2683 unde
2474 2630 2674 2696 pende·

1608 2715 1689 2759 ret
1711 2710 2049 2761 constructio.
2128 2740 2131 2743 -
2300 2752 2305 2757 ,

1674 2787 1755 2852 §4
1786 2787 2019 2837 Camillae
2053 2801 2159 2837 eam
2203 2786 2415 2837 exercitu
2457 2786 2676 2836 Romano

1613 2862 1898 2930 interemit]
1931 2863 2360 2915 Vocem-Romano
2384 2862 2677 2913 desiderati

1610 2939 1662 2990 in
1676 2939 1850 2993 Oxou.
1861 2941 1921 2991 0.
1938 2949 2118 2993 auctor
2132 2947 2213 2991 est
2224 2940 2504 2990 Hesi-nius.
2540 2939 2672 2987 Mox

1608 3023 1767 3068 mate
1790 3018 1947 3083 turba,
1967 3022 2061 3083 pro
2083 3022 2250 3069 moesta
2271 3016 2428 3071 turba,
2450 3014 2675 3065 Gaertn:

1620 3138 1627 3147 .
1675 3093 2040 3159 Principumque
2082 3096 2361 3156 oratiorum,
2394 3091 2674 3143 necessitate

1608 3171 1779 3230 anima
1797 3172 2089 3236 expressam]
2124 3169 2512 3233 principiumque
2533 3166 2674 3216 Hav.

1611 3248 1748 3299 vide
1787 3249 1852 3299 ad
1887 3263 1953 3300 11.
1993 3253 2078 3299 27.
2111 3251 2140 3313 §
2174 3252 2255 3298 12.
2324 3246 2530 3296 Deinde
2566 3259 2674 3294 ora-

1611 3328 1741 3378 tione
1771 3328 2049 3378 necessitate
2079 3327 2251 3376 ultima
2282 3338 2506 3388 expressa
2522 3322 2674 3373 Voss.

1614 3406 1662 3454 1.
1685 3403 1831 3454 Leid.
1848 3408 1900 3455 2.
1940 3404 2067 3454 Lov.
2091 3407 2138 3452 1.
2162 3407 2211 3451 5.
2235 3416 2267 3450 a
2299 3416 2385 3450 m..
2405 3413 2486 3463 pr.
2525 3397 2677 3447 Harl.

1610 3485 1662 3531 2.
1684 3482 1832 3532 Port.
1869 3487 1926 3531 et
1947 3480 2084 3531 Har.
2150 3479 2225 3530 At
2263 3478 2396 3527 ratio
2429 3473 2678 3540 loquendi

1613 3558 1880 3620 vulgatum
1907 3557 2123 3622 probum
2146 3569 2260 3607 esse
2282 3552 2494 3607 evincit.

1622 3678 1629 3687 ,
1680 3635 2118 3687 Fletasmralieram
2132 3649 2190 3683 ac
2208 3645 2473 3698 morum,
2492 3629 2574 3694 qui
2593 3644 2676 3679 ex·

1611 3711 1715 3760 sitii
1764 3711 1958 3763 comites
2005 3712 2337 3773 trahebantur,
2388 3706 2674 3770 excepisset]

1610 3788 1678 3838 Τὸ
1704 3789 1786 3852 qai
1822 3789 1976 3838 deest
2005 3789 2058 3838 iu
2091 3788 2239 3839 Harl.
2263 3791 2327 3839 1.ι
2377 3784 2469 3835 Ita
2505 3784 2678 3846 legen·

1614 3864 1736 3914 dum
1776 3864 1934 3928 foret,
1977 3878 2229 3930 puerorum
2257 3862 2446 3929 (exsilii
2485 3860 2678 3911 coniites

1613 3942 1948 4008 trahebantur)
1983 3943 2255 4007 excepisset.
2317 3941 2541 3989 Verum.
2566 3938 2677 3986 aliis

1615 4022 1852 4070 omnibus
1874 4027 2141 4085 receptam
2164 4019 2440 4069 lectionem
2467 4028 2677 4065 servan·

1617 4096 1773 4154 tibus,
1798 4096 2235 4149 commutandam
2248 4107 2388 4157 „esse
2414 4093 2675 4153 non-exis·

1617 4172 1759 4223 timo.
1808 4173 2015 4224 Deinde
2040 4172 2357 4223 turbabantur
2370 4168 2517 4219 Hav.
2552 4167 2678 4215 Pes,

1615 4250 1760 4299 sime.
1827 4250 1985 4302 Silius
2022 4250 2194 4301 Italic.
2227 4247 2420 4299 Punic.
2450 4258 2530 4294 vr.
2560 4247 2676 4293 403.

1616 4333 1630 4355 ·
1657 4327 1797 4376 Ecce
1832 4328 2061 4390 ‚trahens
2126 4325 2405 4388 geminum
2443 4326 2676 4371 natorum
