2934 4925
340 780 343 785 .
362 730 366 735 ’
440 742 738 805 conligitnr.

436 428 610 494 7678

435 588 616 649 brerii,
640 588 730 639 sed
755 588 894 639 unde
914 586 1084 652 potins
1103 591 1181 649 ab,
1203 603 1356 654 qnam
1378 605 1428 650 α,
1446 588 1498 637 in

396 671 401 676 ’
437 666 721 729 exemplari
756 679 848 715 suo
869 665 933 714 ab
954 679 1015 714 eo
1037 665 1301 715 inventum
1341 665 1498 715 fuisse

504 817 730 873 Quotidie
771 831 822 865 se
848 816 963 875 frui
1006 818 1287 868 monimento
1326 820 1499 881 gloria·

435 893 558 957 succ]
594 894 909 957 Quotidieque
952 894 1091 944 Har.
1157 896 1363 946 Deinde
1384 897 1500 957 frui

428 975 663 1020 momento
697 970 869 1033 gloria
913 971 1062 1022 Leid.
1108 975 1159 1020 2.
1224 971 1366 1022 Alibi
1422 974 1498 1023 ita

435 1060 578 1110 saepe
620 1055 895 1110 peccetur.
983 1046 1123 1096 Vide
1158 1048 1253 1099 hoc
1292 1048 1385 1097 lib.
1430 1049 1497 1098 sd

433 1138 482 1175 c.
501 1126 626 1188 62.§
655 1129 700 1175 1.
749 1123 958 1190 Reliqui
979 1123 1097 1173 libri
1122 1124 1248 1174 nihil
1273 1132 1497 1188 mutant,

434 1200 534 1253 nisi
574 1200 710 1265 qnod
759 1201 997 1266 pierique
1040 1215 1155 1250 cum
1190 1202 1308 1250 edd.
1343 1202 1497 1252 Rom.

437 1280 587 1328 1472.
621 1285 676 1327 et
714 1277 889 1328 Psrm.
921 1278 1144 1328 habeant
1187 1286 1498 1330 monumento.

439 1355 580 1405 vide
617 1355 901 1421 Deosquei.
957 1355 1008 1404 in
1056 1355 1311 1421 orthogr.
1360 1365 1498 1421 part.

434 1445 542 1482 sec.
568 1432 664 1481 hec
690 1446 803 1482 voc.
866 1433 998 1482 Tum
1034 1447 1131 1481 suae
1160 1435 1334 1494 gloria
1365 1435 1496 1486 LoV.

433 1510 486 1557 ⁴.
511 1514 567 1556 et
590 1506 711 1557 edd.
737 1514 956 1557 vetustoe
978 1523 1140 1574 usqne
1175 1509 1243 1559 ed
1285 1509 1497 1575 Aidnm‚

438 1585 528 1649 qni
564 1584 797 1633 ordinem
833 1584 1027 1648 primus
1063 1587 1296 1637 invertit.
1366 1586 1497 1637 Cum

441 1660 603 1709 Aido
622 1666 797 1709 autem
837 1668 978 1711 stsnt
1019 1649 1188 1713 ceteri
1229 1664 1358 1715 Mss.
1397 1665 1498 1714 nisi

437 1737 575 1801 quod
597 1737 657 1785 τὸ
676 1751 776 1786 suoe
799 1736 971 1786 desit
957 1753 1008 1787 ιιι
1032 1740 1183 1788 Voss·
1203 1745 1253 1790 2.

504 1813 636 1866 Ante
657 1816 812 1864 oculos
848 1814 1018 1864 habere
1049 1816 1226 1873 urbem,
1262 1818 1409 1866 latam
1442 1817 1498 1865 in

435 1890 672 1952 triumpho
692 1888 800 1952 suo]
838 1891 967 1941 Ante
999 1892 1154 1941 oculos
1185 1908 1293 1944 suos
1326 1894 1498 1949 habere

433 1964 589 2014 Harl.
624 1970 675 2015 2.
713 1967 932 2017 Gaertn.
963 1976 1021 2018 et
1055 1970 1195 2019 Hav.
1263 1971 1498 2022 Damnat

441 2044 635 2095 similes
681 2045 967 2096 locutiones
1004 2048 1186 2098 Vorst.
1218 2049 1286 2099 de
1321 2051 1494 2099 Latin.

436 2119 623 2169 Merit.
684 2122 933 2185 Suspect.
969 2137 1019 2172 c.
1063 2127 1143 2174 10.
1178 2131 1234 2175 et
1267 2125 1284 2154 ⁴
1310 2126 1496 2175 toilere

441 2196 660 2259 oculos,’
690 2201 706 2228 ‘
728 2200 1010 2256 extendere
1037 2203 1256 2268 manns,’
1275 2210 1292 2234 ‘
1318 2211 1496 2254 tenere

437 2273 710 2338 linguam‚’
741 2291 843 2326 non
865 2280 1022 2327 oculos
1036 2294 1164 2340 snos,
1185 2295 1351 2330 monus
1365 2296 1497 2346 suas,

437 2351 654 2413 linguam
696 2368 850 2416 suam,
892 2355 1169 2405 dicendum
1210 2359 1497 2411 contendite

439 2427 654 2491 Fateor,
694 2429 769 2479 ita
794 2431 1099 2496 plerumque
1121 2434 1401 2498 scriptores
1425 2437 1498 2485 io·

441 2511 590 2555 cntos
615 2521 753 2570 esse;
788 2509 1008 2560 alterum
1031 2516 1201 2561 tamen
1226 2512 1297 2562 ita
1322 2513 1373 2562 in
1409 2528 1498 2577 ge·

438 2596 566 2631 nere
580 2582 838 2634 damnare
866 2600 966 2635 non
987 2588 1175 2653 audeo,
1191 2604 1343 2653 quum
1358 2606 1498 2655 quae·

438 2658 559 2709 dam
593 2661 688 2709 bac
710 2660 873 2712 forms
897 2664 1035 2725 apud
1072 2666 1296 2728 optimos
1321 2675 1498 2717 aucto·

437 2751 520 2786 res
539 2738 850 2789 notaverim.
899 2740 1020 2789 Non
1043 2742 1340 2792 memorabo
1362 2759 1500 2794 nunc

441 2814 593 2878 ‘Ego
638 2818 768 2865 meis
820 2817 983 2867 oculis
1021 2816 1170 2880 vidi,’
1211 2826 1267 2868 et
1322 2825 1337 2847 ‘
1373 2820 1499 2870 Vidi

437 2894 618 2943 octnios
659 2903 780 2944 ante
820 2896 927 2960 ipse
951 2896 1129 2955 meos,’
1163 2913 1280 2962 qnae
1305 2902 1499 2948 me'mo-

436 2971 574 3021 ravit
606 2970 860 3023 Quinctil.
898 2973 1075 3024 Instit.
1109 2974 1262 3025 Orat.
1299 2988 1427 3026 vm.
1451 2980 1501 3026 8.

440 3061 496 3111 p.
534 3052 650 3097 699.
683 3057 739 3098 et
782 3062 866 3099 xx.
911 3053 961 3099 8.
1006 3065 1059 3114 p.
1084 3054 1196 3100 812.
1262 3052 1326 3101 ld
1360 3053 1500 3103 enim

440 3129 661 3187 propter
683 3125 947 3188 emphasin
972 3126 1044 3174 ita
1067 3124 1304 3177 effertur.
1356 3129 1498 3179 Vide

414 3199 556 3264 'qnae
592 3200 769 3249 notavi
805 3201 869 3250 a‘d
905 3201 1016 3250 Silii
1059 3215 1176 3252 xvi.
1209 3208 1324 3253 645.
1391 3204 1498 3255 Sed

440 3284 587 3326 certe
610 3277 710 3327 huc
732 3277 857 3328 facit
889 3279 1012 3328 illud
1037 3280 1216 3330 Ovidii
1237 3296 1300 3332 ex
1323 3282 1497 3332 Ponto

437 3354 611 3417 Epist.
649 3369 731 3404 lv.
767 3360 817 3405 4.
856 3359 938 3406 36.
984 3356 1304 3409 ‘Intendent
1345 3374 1495 3409 sures

433 3433 500 3481 sd
525 3438 619 3482 tna
640 3433 797 3484 verba
820 3432 975 3482 snas!
1043 3435 1126 3483 Ne
1153 3441 1342 3491 tamen,
1379 3437 1495 3501 quis

437 3510 847 3575 uniuscnjusque
871 3511 1061 3576 linguae
1086 3512 1265 3575 genius
1285 3513 1372 3569 sit,
1394 3528 1494 3563 non

437 3604 503 3640 ex
527 3590 964 3654 oratione'ligata,
1000 3590 1092 3639 sed
1133 3590 1319 3651 soluts,
1354 3592 1494 3641 aesti-

434 3666 679 3716 mnndum
703 3681 819 3717 esse
843 3667 1152 3731 excipiatur,
1182 3671 1243 3715 ut
1260 3666 1494 3718 vorstius

435 3743 555 3793 loc'o
599 3742 740 3792 laud.
797 3741 959 3804 fecit;
995 3757 1060 3791 en
1092 3743 1312 3791 alterum
1357 3742 1493 3798 Livii

432 3831 645 3869 ‘xxxrv-
675 3823 727 3869 2.
760 3817 777 3846 ‘
798 3819 910 3881 Ego
951 3817 1038 3867 vix
1078 3824 1322 3867 statuere·
1353 3817 1491 3881 apud

435 3896 658 3946 animum
681 3910 850 3945 meum
885 3909 1115 3959 possum,
1148 3902 1325 3943 utrum
1343 3891 1494 3958 pejor

434 3973 547 4037 ipss
570 3987 674 4037 res,
697 3987 762 4022 an
799 3972 980 4036 pejore
1003 3973 1245 4036 exemplo
1270 3970 1496 4034 agatur?

434 4051 508 4100 Et
536 4051 611 4100 ita
648 4050 760 4099 Cic.
784 4050 837 4098 in
856 4049 1009 4097 Verr.
1035 4061 1125 4097 111.
1152 4053 1232 4098 12.
1276 4054 1291 4078 ‘
1312 4048 1491 4099 Consi·

436 4126 622 4176 derste
647 4140 763 4175 cum
787 4126 971 4173 vestris
997 4124 1180 4174 animis
1200 4131 1399 4174 vosmet
1415 4124 1491 4187 ip-

432 4203 500 4258 si,
524 4216 738 4264 ecquem
776 4199 1006 4264 putetis!
1078 4202 1185 4250 Pro
1210 4200 1422 4250 Cluent.
1446 4214 1493 4251 c.

433 4284 519 4331 25.
553 4286 568 4308 ⁴
588 4278 642 4328 Si
667 4293 780 4329 cnm
806 4278 988 4327 animis
1012 4278 1199 4327 vestris
1230 4280 1385 4341 longo
1415 4278 1491 4326 in·

435 4355 941 4424 terveilo‘recordari
961 4355 1230 4407 C.Staleni
1255 4355 1410 4407 vitam
1433 4360 1491 4408 et

1127 445 1349 494 NOTAE
1395 445 1795 495 VARIORUM
1856 447 1936 496 m

1579 595 1812 639 naturam
1849 589 2149 652 volueritisss
2181 590 2265 641 Ad
2305 592 2450 642 Fam.
2475 607 2551 643 tv.
2590 598 2641 643 5.

1575 666 1592 692 ‘
1614 666 1763 729 Coepi
1779 680 1880 730 ego
1896 681 2097 716 mecum
2122 668 2195 716 sic
2213 667 2479 732 cogitare?
2515 670 2641 719 Nou

1491 760 1500 768 ·
1577 747 1749 792 tamen
1793 744 1891 791 hoc
1948 744 2064 792 ioco
2113 743 2353 794 codicum
2407 745 2639 813 iliorum,

1576 833 1705 883 qnos
1733 819 2029 876 memoravi,
2050 820 2211 869 lectio
2235 821 2429 883 placet.
2499 822 2641 871 Nam

1575 902 1629 945 et
1646 897 1822 959 piures
1835 903 1890 946 et
1905 895 2214 960 integriores
2231 897 2509 962 lectionem
2527 897 2641 945 vui·

1575 979 1747 1035 getam
1802 971 2133 1033 defendunt3
2197 979 2252 1023 et
2281 988 2426 1024 ·mox
2477 975 2639 1023 etiam

1575 1048 1591 1076 ‘
1610 1049 1787 1112 glorioe
1834 1063 1941 1098 suae
1967 1049 1983 1071 ’
2012 1051 2303 1113 praecessit.
2388 1051 2640 1101 Ceterum

1572 1125 1633 1175 τὸ
1652 1126 1820 1175 habere
1844 1125 2019 1176 deficit
2044 1126 2095 1175 in
2116 1127 2264 1176 Leid.
2281 1131 2331 1176 2.
2363 1127 2642 1177 Praeterea

1573 1208 1688 1253 ante
1711 1205 1867 1253 oculos
1887 1203 2045 1251 urbem
2067 1204 2238 1254 habere
2260 1215 2342 1255 est
2375 1206 2426 1253 in
2454 1206 2643 1268 pleris-

1574 1293 1676 1346 que
1714 1287 1842 1331 vett.
1875 1280 1995 1330 edd.
2019 1295 2181 1345 nsque
2207 1280 2272 1330 sd
2311 1280 2526 1338 Aldum,
2551 1282 2642 1346 qui

1575 1357 1808 1407 ordinem
1855 1358 2154 1420 inmutavit,
2187 1359 2639 1409 consentientibus

1573 1435 1807 1498 scriptis,
1882 1441 1937 1485 et
1987 1433 2109 1484 edd.
2159 1435 2313 1487 Rom.
2371 1437 2522 1487 1472.
2579 1440 2643 1486 ec

1575 1512 1751 1561 Parm.
1867 1532 1873 1539 ·

1581 1590 1668 1653 ·§
1696 1593 1724 1637 3
1766 1588 2002 1638 Relictam
2043 1588 2103 1639 ab
2148 1588 2270 1639 Diis
2308 1589 2641 1640 inmortalibus

1571 1663 1719 1714 incoli
1735 1664 1920 1729 urbem]
1955 1665 2002 1715 A
2028 1666 2312 1715 DiisVoss.
2332 1671 2380 1717 1.
2407 1668 2561 1717 Leid.
2586 1672 2639 1718 2.

1574 1739 1797 1789 Gaertn.
1832 1748 1887 1789 et
1923 1739 2043 1791 edd.
2081 1746 2211 1790 vett.
2230 1740 2366 1790 Aldo
2399 1743 2635 1805 priores:

1572 1817 1633 1866 ab
1650 1816 1747 1866 Dis
1772 1817 1909 1866 Flo‘r.
1935 1825 1989 1867 et
2016 1817 2164 1867 Leid.
2191 1822 2239 1866 1.
2273 1817 2408 1867 Vide
2426 1819 2525 1868 hoc
2546 1820 2641 1870 lib.

1573 1891 1638 1940 ed
1662 1906 1711 1941 c.
1736 1896 1815 1942 14.
1840 1894 1869 1956 §
1891 1897 1941 1943 4.
2009 1894 2141 1942 Τιιιιι
2165 1894 2327 1944 urbem
2348 1895 2494 1944 incoli
2512 1896 2641 1944 Lov.

1576 1973 1623 2018 1.
1647 1977 1703 2018 et
1727 1968 1878 2018 Leid.
1898 1974 1949 2018 2.
2015 1969 2143 2019 Mox
2177 1969 2229 2018 in
2257 1970 2429 2020 verbis
2461 1967 2643 2035 proxi·'

1572 2046 1669 2095 mis
1709 2046 1943 2108 hospitari
1981 2046 2179 2096 eaedem
2224 2047 2349 2097 edd.
2395 2064 2510 2113 pro’
2537 2061 2640 2114 qno

1571 2122 1740 2172 Aldus
1778 2121 1996 2172 habitare
2042 2122 2333 2180 substituit,
2380 2124 2518 2190 quod
2556 2132 2640 2175 sn*-

1571 2209 1752 2265 perest
1777 2201 1829 2250 in
1856 2201 2091 2271 omnib-us
2114 2202 2323 2266 scriptis
2344 2203 2491 2253 meis.
2621 2216 2628 2223 ·

1639 2279 1707 2327 Et
1744 2278 1987 2327 victricem
2021 2279 2231 2341 patriam
2265 2280 2393 2329 victa
2427 2282 2638 2346 mutari]

1572 2357 1741 2404 Vetus
1766 2358 2008 2406 volumen
2044 2355 2204 2406 habet
2239 2361 2289 2406 et
2321 2354 2520 2406 victrice
2550 2372 2640 2420 pa-

1570 2432 1671 2481 tria
1699 2431 1902 2481 ‘victam
1940 2432 2139 2483 mutari.
2230 2431 2377 2483 Idem
2426 2432 2639 2483 videtur

1571 2523 1772 2558 sensus.
1808 2510 1966 2558 Rhen-
2049 2508 2266 2573 Optima
2306 2508 2420 2559 baec
2458 2510 2636 2568 tectim

1572 2591 1619 2634 et
1641 2585 1837 2634 victrice
1854 2586 2021 2649 patria
2041 2587 2218 2635 victam
2238 2586 2442 2646 mutari,
2475 2588 2637 2636 stabi-

1571 2661 1698 2711 litur
1723 2663 2043 2712 auctoritate
2074 2662 2210 2712 Pan.
2235 2663 2452 2712 duorum
2492 2664 2636 2712 meii-

1572 2751 1743 2787 ornm=
1786 2745 1839 2788 at
1865 2738 1983 2788 Pal.
2004 2742 2066 2787 2.’
2087 2739 2276 2788 victrici
2304 2740 2518 2802 patriam
2537 2742 2636 2789 vic·-

1569 2819 1669 2864 tom
1691 2818 1890 2865 mutari.
1938 2815 2157 2866 Inversa
2185 2830 2305 2886 yero
2328 2813 2498 2866 forma
2515 2816 2641 2869 edd.

1572 2893 1759 2956 priscae
1783 2893 2027 2942 victricem
2047 2893 2257 2956 patriam
2277 2893 2404 2943 victa
2437 2896 2636 2945 mutari.

1573 2970 1741 3019 Gebb.
1807 2970 1936 3022 Qum
1972 2971 2093 3020 huic
2129 2970 2459 3020 adnotationi
2497 2985 2636 3034 prae·

1570 3049 2017 3112 scribitur-‘tectim
2052 3049 2103 3097 in
2128 3048 2250 3097 edd.
2275 3055 2400 3099 ente
2431 3049 2638 3098 Rhenaa

1571 3140 1689 3176 num
1714 3133 1770 3176 et
1805 3125 2187 3175 Frobenianam
2213 3128 2364 3174 1535.
2393 3132 2637 3175 constan·

1572 3211 1653 3252 ter
1687 3208 1946 3266 superest,
1970 3202 2067 3250 nisi
2102 3200 2238 3266 quod
2276 3201 2638 3251 Mediolanen-

1572 3280 1643 3329 sis
1686 3284 1835 3329 1505.
1868 3276 2119 3342 praeferst
2162 3280 2384 3329 victorem
2420 3280 2635 3343 patriam

1567 3358 1696 3406 victa
1733 3358 1930 3407 mutari.
1997 3357 2195 3407 Verum
2233 3347 2417 3407 nentri
2452 3367 2664 3412 earum·

1567 3435 1847 3485 lectionum
1889 3435 1941 3483 in
1985 3434 2092 3484 ullo
2125 3434 2329 3497 scripto
2372 3442 2633 3498 superest.

1571 3512 1778 3563 Victi-ici
1817 3511 2029 3575 patriam
2062 3511 2238 3561 victam
2272 3510 2457 3560 imitari
2497 3511 2636 3561 Har.

1566 3588 1708 3638 Alibi
1732 3588 1887 3638 etiam
1922 3586 2086 3636 verbs
2105 3586 2287 3637 mutari
2307 3594 2363 3636 et
2380 3588 2569 3637 imitari
2601 3602 2633 3636 s

1564 3665 1789 3714 librariis
1828 3660 2078 3714 confundi
2118 3664 2315 3713 soient.
2380 3664 2527 3714 Vide
2566 3663 2634 3714 ed

1566 3756 1645 3792 lv.
1668 3745 1718 3791 4.
1756 3740 1783 3802 §
1803 3744 1889 3792 11.
1946 3740 2203 3791 Victricem
2221 3741 2434 3805 patriam
2455 3742 2634 3791 victam

1565 3818 1785 3878 mutuari
1806 3818 1940 3867 Lov,
1965 3821 2015 3867 2.
2052 3817 2154 3866 Sed
2179 3813 2442 3866 interdum
2469 3817 2632 3867 verba

1564 3897 1581 3923 ‘
1605 3891 1833 3944 mutare’
1868 3899 1924 3942 et
1941 3891 1959 3920 ‘
1976 3898 2212 3942 mutuare
2228 3891 2243 3913 ’
2265 3892 2405 3942 inter
2426 3905 2631 3943 secun·-

1566 3971 1877 4022 fundun‘tnr.
1910 3970 2048 4020 Vide
2072 3970 2306 4021 Cor-tium
2330 3970 2398 4021 ed
2418 3970 2634 4021 Sallust.

1563 4051 1687 4113 Jng.
1709 4063 1757 4098 c.
1784 4052 1865 4097 18.
1886 4050 1914 4111 ξ
1933 4051 1984 4098 5.
2043 4046 2303 4096 Victricem
2319 4047 2533 4110 patriam
2555 4048 2629 4096 in·

1565 4128 1741 4176 victam
1792 4124 1972 4173 mutari
2029 4122 2161 4171 Lov.
2194 4126 2244 4171 4.
2291 4128 2340 4172 5.
2385 4121 2539 4171 Harl.
2578 4126 2629 4173 2.

1565 4202 1787 4258 Gaertn.
1820 4205 1876 4249 et
1904 4197 2088 4262 fragm.
2126 4198 2265 4248 Hav.
2316 4198 2518 4248 victrice
2540 4213 2625 4261 pe-

1565 4279 1712 4327 triam
1733 4278 1961 4327 invictam
1997 4276 2177 4324 mutan·
2209 4276 2363 4324 Port.
2398 4289 2429 4325 a
2450 4290 2524 4323 ιιι.
2542 4286 2621 4340 pr.

1564 4355 1654 4421 qui
1677 4371 1707 4405 a
1744 4370 1816 4407 ιιι.
1852 4368 1959 4406 sec·-
1995 4350 2223 4419 praefert
2252 4351 2385 4402 victa
2415 4354 2626 4416 patriam
