2934 4925
789 423 858 488 [r.
903 421 1094 471 mvn
1142 420 1365 471 msT..
1393 420 1543 469 mn.
1588 423 1672 471 v.·
1705 421 1871 473 cAP.
1916 408 2023 474 15.

312 577 460 628 quum
487 563 800 630 Amphitryo
834 564 1052 616 dixisset
1067 579 1267 629 pergam
1288 579 1369 615 ex·

310 640 454 704 sequi,
498 641 808 705 quibusdam
852 642 1144 705 interjectis
1188 657 1368 692 servus

310 716 521 779 subjicit
545 717 707 770 Nunc.
722 716 938 782 exquire,
973 717 1028 766 id
1050 724 1149 781 est,
1191 719 1207 747 ‘
1228 731 1366 768 nunc

308 791 630 855 exsequere,’
673 800 845 842 ‘nuuc
877 807 1036 858 perge
1078 792 1371 858 inquirere?

306 868 320 894 ‘
342 868 748 919 Percunctaudo
766 871 976 935 exsequi
994 868 1012 892 '
1033 870 1210 920 Livius
1233 869 1368 920 dixit

304 956 381 994 ix.
403 947 451 993 8.
484 947 502 973 ‘
526 946 701 997 Quum
723 945 859 997 filius
882 947 1070 1011 aliique
1100 947 1365 1011 principes

303 1022 694 1084 percunctando
725 1031 1152 1089 exsequerentur,
1178 1024 1300 1088 quid
1323 1024 1365 1074 si

302 1096 476 1147 media
521 1098 609 1147 via
651 1099 850 1148 consilii
892 1099 1220 1162 caperetur?
1246 1137 1253 1144 ι
1277 1099 1366 1150 nbi

302 1172 417 1221 vide
461 1173 618 1237 plura
659 1177 901 1237 exempla
941 1175 1080 1238 apud
1131 1176 1365 1226 Gronov

301 1248 482 1301 Totius
504 1257 684 1299 tamen
697 1251 945 1300 orationis
963 1252 1268 1316 compositio
1286 1266 1365 1301 re-

301 1325 506 1387 quirere
529 1326 760 1389 videtur,
782 1331 842 1376 ut
862 1327 1078 1377 verbum
1112 1329 1210 1377 hoc
1233 1327 1364 1380 refe·

299 1405 443 1450 ratur
477 1401 548 1450 ad
590 1403 876 1465 aruspicem
918 1404 1217 1468 Veientem,
1256 1406 1363 1470 qui,

299 1491 450 1541 quum
499 1478 768 1529 docuisset
825 1479 1070 1544 quidnam
1119 1481 1170 1531 id
1223 1490 1365 1532 esset

296 1554 432 1618 quod
470 1555 540 1604 de
582 1556 701 1607 lacu
726 1556 927 1608 Albano
948 1559 1183 1624 jecisset,
1225 1574 1363 1610 nuuc

294 1634 661 1697 exsequebatur,
698 1634 751 1684 id
785 1642 884 1693 est,
927 1651 1138 1688 narrare
1177 1653 1364 1702 perge-

293 1708 385 1759 bat
401 1725 647 1773 quaeuam
668 1714 891 1777 aquaeiu
916 1716 1030 1764 lacu
1052 1716 1363 1766 exundantis

294 1787 579 1836 sollemnis.
607 1788 865 1840 derivatio
899 1799 1055 1840 esset.
1121 1792 1178 1841 Si
1224 1793 1362 1842 euim

292 1861 483 1913 Patres
510 1872 784 1915 auctorem
817 1881 933 1917 eum
966 1869 1133 1918 levem
1160 1883 1258 1920 uec
1280 1885 1363 1919 sa·

291 1939 359 1989 tis
382 1939 550 1990 fidum
583 1956 739 2005 snper
769 1947 917 1993 tanta
955 1959 1013 1994 re
1048 1945 1361 1997 arbitraren-

295 2019 393 2078 tur,
415 2016 549 2081 quid
575 2017 848 2068 adtinebat
881 2034 998 2069 eum
1037 2021 1359 2086 interrogare

290 2090 356 2141 de
394 2092 643 2141 sollemni
678 2092 1037 2152 derivatione?
1073 2097 1209 2159 Ergo
1244 2112 1358 2148 eam

287 2173 474 2229 sponte
505 2169 676 2229 potius
696 2182 759 2218 ac
783 2171 1253 2237 uouiuterrogstus
1269 2174 1359 2224 ad·

281 2243 432 2306 jecit.
487 2243 763 2294 Servanda
784 2244 945 2309 igitur
968 2254 1180 2311 recepta
1199 2249 1358 2299 lectio

288 2320 675 2385 Eueqnebatur.
729 2322 818 2371 Ita
841 2322 1092 2374 Pbaedrus
1117 2325 1246 2376 Fab.
1269 2339 1357 2377 ιιι.

290 2400 366 2447 10.
389 2402 475 2449 69.
540 2399 557 2427 ‘
582 2397 713 2449 Haec
747 2408 1024 2451 exsecutus
1063 2416 1174 2452 sum
1204 2417 1356 2468 prop·

288 2484 433 2529 terea
456 2477 1015 2542 pluribus,1Brevitate
1048 2481 1206 2531 nimia
1226 2496 1355 2547 quo·

287 2554 421 2607 uiam
446 2555 703 2619 quosdam
731 2552 1039 2607 offendimus
1059 2556 1093 2605 ε’
1121 2559 1210 2610 ubi
1235 2558 1357 2610 vide

283 2628 544 2681 Scbeffer.
684 2678 691 2684 .

346 2706 450 2758 Sed
478 2711 725 2759 astamus
744 2707 908 2764 lesem
928 2724 1013 2759 nec
1044 2710 1169 2761 satis
1190 2711 1353 2776 fidam

283 2798 423 2847 super
445 2789 593 2834 tanta
629 2782 706 2846 re]
740 2784 919 2833 Prima
954 2786 1136 2835 vocula
1168 2785 1355 2850 deerat

285 2859 338 2908 in
358 2858 550 2923 fragm.
581 2858 719 2911 Hav.
743 2873 773 2908 a
796 2875 864 2911 ιιι.
890 2874 971 2925 pr.
1023 2862 1127 2912 Sed
1151 2863 1240 2912 illa
1260 2878 1351 2913 ex·

283 2935 476 2997 cidisse
503 2935 711 2985 videtur
732 2941 947 3001 propter
979 2938 1215 2988 ultimam
1248 2939 1351 3004 syl-

283 3011 454 3062 labam
481 3011 832 3075 praecedentis
845 3012 989 3063 vocis
1003 3019 1142 3065 mee.
1175 3014 1239 3063 Id
1262 3030 1351 3065 au·

285 3096 388 3138 tem
412 3095 569 3143 tanto
590 3086 695 3138 fuit
716 3089 1017 3153 proclivius,
1038 3090 1175 3153 quod
1200 3090 1353 3141 libra-

286 3163 346 3214 rii
365 3169 462 3229 set,
476 3178 587 3228 ,pro
600 3166 704 3224 sed,
727 3164 954 3214 scribere
968 3165 1107 3216 soliti
1128 3164 1350 3218 fuerint:

286 3241 425 3291 unde
449 3241 615 3293 etiam
652 3241 728 3290 ite
764 3242 1014 3304 scriptum
1051 3242 1174 3292 alibi
1214 3243 1354 3293 elisit

287 3329 511 3381 sequeus
531 3320 597 3365 et.
629 3315 767 3365 Vide
784 3314 849 3365 ad
873 3330 936 3366 ιι.
956 3320 1081 3383 80.§
1103 3321 1151 3368 6.
1186 3319 1352 3370 Recte

283 3392 460 3460 itaque
484 3407 635 3443 error
650 3393 748 3443 boc
773 3393 887 3443 loco
904 3407 940 3442 a
955 3408 1024 3443 m.
1049 3408 1159 3445 sec.
1178 3410 1351 3447 emen·

287 3470 459 3537 datus,
479 3476 538 3520 et
559 3471 796 3534 neglecta
814 3474 972 3520 antea
985 3471 1242 3533 particula
1260 3471 1351 3521 sd-

285 3547 485 3612 scripta
506 3552 610 3596 est.
664 3545 879 3597 Deinde
895 3561 1044 3615 sieque
1063 3546 1352 3611 sutis-fidius

284 3623 410 3674 Lov,
427 3627 477 3673 4.
497 3638 595 3673 non
613 3620 1067 3688 sutisfidam‘voss.
1084 3629 1132 3675 1.
1153 3626 1282 3675 Lov.
1302 3629 1350 3674 1.

285 3707 339 3749 et
355 3700 503 3750 Leid.
516 3704 568 3750 2.
625 3699 868 3763 Denique
881 3705 1169 3762 supereanm
1181 3716 1235 3753 re
1249 3717 1348 3754 esse

283 3782 413 3826 vett.
426 3775 549 3826 edd.
571 3790 734 3840 usque
753 3775 819 3825 ad
838 3774 1053 3841 Aldum,
1068 3779 1155 3842 qni
1169 3778 1229 3828 τὸ
1248 3794 1348 3832 esse

283 3854 477 3917 primus
512 3853 709 3916 omisit,
750 3853 1139 3906 concinentibus
1164 3857 1346 3908 ,omni-

281 3931 376 3982 bus
397 3932 611 3996 scriptis
634 3931 780 3981 meis.

344 4010 556 4073 Legatos
585 4016 827 4074 meoque
844 4013 1025 4061 oraculi
1039 4012 1242 4077 Pythici
1259 4029 1342 4065 ex.

282 4086 580 4150 specimus]
604 4086 806 4137 Vitiosa
823 4089 1188 4152 orthographia
1209 4091 1345 4157 Psy-

284 4164 371 4213 tid
385 4161 674 4227 proefernut
690 4161 911 4212 Gaertu.
929 4170 986 4212 et
1002 4162 1345 4227 fragma-lav.

288 4255 320 4290 a
337 4253 408 4289 ιιι.
432 4255 508 4304 pr.
571 4237 764 4288 Phinei
786 4237 935 4290 Voss.
955 4243 1002 4288 1.
1035 4240 1186 4291 Leid.
1209 4246 1259 4291 2.
1290 4250 1346 4295 et

289 4315 442 4367 Harl.
471 4315 651 4382 ambo.
694 4314 907 4367 Phenica·
929 4316 1060 4370 Lov-
1078 4321 1128 4371 1.
1177 4319 1346 4372 Phaet

2329 409 2506 477 ‘7599

1441 564 1569 616 Lov-
1590 570 1642 617 ὅ.
1689 565 1833 617 Hine
1858 566 2090 619 vitiosius
2115 566 2385 631 Delpbitiei
2415 566 2508 617 de-

1442 642 1634 695 deruut
1651 644 1839 695 scribas
1862 647 2014 696 Voss.
2038 649 2089 695 2.
2110 651 2167 695 et
2186 646 2317 695 Lov.
2340 647 2390 694 8.
2414 659 2509 693 ιιιι-
2589 637 2598 648 ’

1441 717 1509 766 de
1532 718 1698 768 videri
1735 727 1915 784 posset
1949 721 2224 785 legendum
2251 733 2365 769 esse
2387 720 2507 769 Del-

1436 795 1584 857 phici.
1616 796 1798 845 Malim
1821 803 1995 846 tamen
2016 798 2279 860 vulgatum
2295 810 2507 847 servare

1439 885 1543 920 non
1575 886 1728 921 unam
1759 872 1827 923 ob
1849 887 2074 923 causam.
2143 871 2207 921 Iu
2230 887 2344 922 eam
2368 872 2506 924 euim

1439 948 1752 1011 scripturam
1785 950 2113 999 consentiunt
2135 949 2320 1014 reliqui
2343 948 2508 1012 scrip-

1444 1023 1500 1073 ti.
1554 1023 1825 1076 Praeterea
1864 1025 1916 1075 id
1962 1026 2080 1076 loco
2126 1026 2506 1090 corrumpendo

1440 1115 1617 1150 ansam
1673 1099 1882 1152 dedisse
1940 1101 2165 1163 videtur,
2217 1102 2353 1166 quod
2404 1115 2506 1150 vox

1439 1175 1455 1202 ‘
1476 1176 1764 1241 Pythicus'
1797 1177 2024 1227 indoctae
2058 1178 2385 1228 librariorum
2411 1191 2503 1226 na-

1441 1253 1569 1302 tioni
1592 1254 1759 1303 miuus
1776 1254 1988 1318 cognita
2001 1252 2181 1316 fuerit,
2195 1268 2347 1318 quam
2366 1253 2504 1302 h‘sud

1437 1328 1595 1380 facile
1625 1331 1813 1381 notiori
1854 1339 1869 1360 ‘
1896 1331 2182 1396 Delphicus
2202 1329 2216 1351 '
2257 1330 2505 1380 substitu-

1436 1406 1539 1456 isse
1566 1408 1768 1457 censeri
1793 1407 2008 1456 debent.
2075 1405 2320 1471 Denique
2356 1407 2372 1433 ‘
2397 1406 2505 1470 Py-

1438 1482 1641 1532 thicus’
1679 1484 1799 1534 alibi
1836 1483 1902 1532 de
1936 1484 2146 1533 oraculo
2183 1489 2239 1532 et
2263 1482 2506 1546 Apolline

1437 1560 1695 1624 Delphico
1737 1561 1914 1610 Livius
1948 1560 2198 1610 adhibuit.
2249 1559 2369 1610 Lib.
2393 1573 2431 1609 1.·
2454 1572 2503 1610 c.

1435 1640 1521 1685 56.
1571 1640 1587 1664 ⁸
1611 1638 1804 1686 Brutus
1827 1643 1971 1686 ratus
2002 1637 2103 1685 alio
2128 1641 2371 1700 spectare
2396 1636 2504 1699 Py-

1437 1713 1627 1762 thicam
1652 1711 1870 1762 vocem-³
1911 1714 2009 1762 boc
2033 1712 2128 1762 libs
2146 1728 2195 1761 c.
2227 1717 2311 1762 21.
2346 1718 2363 1740 ‘
2386 1713 2503 1763 Tuo

1436 1789 1619 1850 ductu,
1635 1789 1825 1853 inquit,
1843 1787 2289 1851 PythiceApollo,
2311 1795 2503 1853 tuoque

1436 1867 1645 1915 numine
1670 1865 1946 1915 instinctus
1969 1879 2129 1929 pergo
2148 1866 2211 1914 ad
2230 1863 2502 1915 delendam

1435 1943 1615 1992 urbem
1639 1941 1837 1992 Veios.’
1880 1957 1926 1991 c.
1945 1947 2026 1992 23.
2061 1944 2077 1971 ⁴
2103 1943 2424 2004 Quamquam
2448 1949 2506 1991 et

1434 2018 1673 2082 prodigia
1698 2025 1975 2082 procurata
1997 2017 2228 2080 fuerant,
2251 2025 2306 2068 et
2327 2024 2522 2067 utum·

1435 2109 1702 2159 respousa,
1744 2103 1800 2145 et
1842 2095 2079 2160 Pythicae
2118 2101 2285 2143 sortes
2323 2093 2503 2145 note?

1432 2184 1602 2221 xxm.
1638 2175 1718 2222 u.
1749 2171 1769 2200 ¹
1794 2171 1990 2236 Pythio
2023 2169 2275 2234 Apollini,
2309 2170 2502 2235 repub·

1430 2248 1532 2296 lica
1554 2255 1727 2297 vestra
1749 2247 1884 2296 bene
1904 2254 2056 2310 gesta
2073 2254 2400 2309 servataque,
2424 2245 2501 2295 ln·

1430 2323 1534 2373 cris
1558 2323 1758 2372 meritis
1782 2322 1971 2372 donum
2005 2321 2299 2372 mittitote.'
2335 2335 2501 2372 xxix.

1432 2399 1541 2454 10.,ι
1559 2396 1897 2454 Referebant,
1916 2404 1969 2446 et
1985 2395 2340 2448 sacrificantes
2356 2398 2496 2463 ipsos

1429 2473 1625 2539 Pythio
1658 2474 1884 2538 Apollini
1918 2476 2170 2538 litavisse,
2191 2483 2247 2526 et
2267 2489 2497 2540 ,respon-

1428 2567 1541 2603 sum
1564 2552 1774 2603 oraculo
1807 2552 2023 2614 editum,
2053 2552 2304 2616 majorem
2330 2553 2497 2603 multe

1429 2627 1699 2681 victoriam
1732 2625 1953 2677 adesse.'
2004 2626 2259 2685 Similiter
2290 2633 2347 2677 et
2387 2628 2496 2683 cie.

1428 2703 1698 2756 deDiviu.
1723 2716 1764 2753 ι.
1788 2707 1835 2755 1.
1882 2705 1897 2731 ⁶
1921 2702 2090 2754 Quam
2123 2716 2249 2755 vero
2282 2703 2496 2755 Gran-ia

1426 2779 1683 2831 coloniam
1725 2779 1865 2828 misit
1895 2778 1968 2831 in,
1992 2779 2230 2842 AEolism,
2273 2780 2496 2845 Ioniam,

1425 2855 1624 2919 Asiam,
1644 2855 1892 2912 Siciliam,
1913 2855 2123 2905 Italiam
2146 2856 2257 2907 siue
2284 2856 2493 2923 Pythio,

1425 2944 1520 2984 aut
1543 2934 1831 2999 Dodonaeo‚
1862 2940 1957 2984 aut
1984 2934 2285 2985 Hammonis
2308 2948 2492 2984 oracu-

1425 3012 1478 3061 lo
1498 3011 1535 3062 ?’
1568 3011 1746 3061 Valer.
1767 3010 1914 3059 Max.
1932 3024 1972 3060 1.
1993 3015 2043 3060 8.
2066 3026 2151 3060 ex.
2173 3016 2254 3062 10.
2289 3011 2305 3040 ‘
2331 3011 2492 3078 Appii

1426 3087 1698 3138 interitum
1720 3086 1954 3139 veridica
1976 3086 2215 3151 Pythicae
2239 3089 2501 3141 vaticinor

1425 3164 1583 3214 tionis
1615 3162 1746 3215 fides
1780 3162 2107 3227 praecurritz’
2146 3162 2236 3213 ubi
2266 3170 2282 3194 ‘
2307 3165 2491 3229 Pythi-

1425 3256 1539 3293 cam
1556 3240 1575 3266 ’
1596 3240 1769 3291 vocari
1792 3241 2215 3292 vaticinationem
2234 3243 2405 3307 potius
2421 3242 2489 3293 ab

1423 3320 1587 3385 ipsius
1612 3320 1867 3385 Apollinis
1897 3322 2105 3372 nomine
2137 3329 2284 3386 pulo,
2315 3335 2488 3385 quam,

1425 3406 1487 3448 ut
1508 3398 1764 3448 Veratius.
1786 3398 1857 3447 ibi
1892 3399 2175 3456 existimat,
2212 3414 2243 3448 a
2280 3400 2488 3449 nomine

1425 3475 1580 3539 vatis,
1602 3489 1720 3540 quae
1756 3482 1771 3504 ⁸
1797 3474 1972 3538 Pytho
1988 3474 2003 3499 '
2024 3474 2318 3525 dicebatur.
2386 3475 2488 3524 Ra·

1423 3551 1618 3600 tionem
1654 3550 1875 3600 nominis
1911 3551 1988 3599 ita
2030 3550 2205 3600 reddit
2245 3550 2486 3599 Eustath.

1423 3627 1489 3676 ad
1521 3627 1738 3676 Homeri
1762 3626 1912 3677 Iliad.
1933 3633 1987 3675 B.
2013 3642 2064 3689 p.
2087 3631 2203 3677 207.
2223 3626 2307 3676 ed.
2325 3628 2486 3679 Basil-

1418 3703 1583 3753 Πυθὸν
1619 3702 1814 3765 ἐκλήθη,
1850 3702 1927 3754 διὰ
1962 3702 2050 3751 τὸν
2080 3705 2179 3753 ἐκεῖ
2207 3703 2486 3766 τοξευθέντα

1419 3779 1510 3830 ὑπὸ
1560 3776 1864 3830 ’Λπόλλωνος
1912 3778 1993 3829 καὶ
2035 3778 2247 3830 mli-ru
2290 3779 2485 3844 δράκον-

1416 3869 1500 3905 τα·
1523 3855 1585 3906 ὥς
1606 3855 1661 3905 ἐκ
1689 3856 1779 3904 τοῦ
1796 3854 1928 3905 πόθον
1959 3854 2020 3904 τὸ
2056 3855 2208 3915 chrm·
2240 3857 2272 3917 ἦ
2311 3858 2386 3909 διὰ
2422 3859 2482 3909 τὸ

1417 3931 1640 3983 δύνασθαι
1679 3930 1791 3982 τσὺς
1828 3932 1927 3981 ἐκεῖ
1967 3931 2235 3998 χρῳμένους
2264 3934 2484 3985 πυθέσθαι

1415 4007 1483 4057 τὰ
1499 4007 1746 4070 μέλλοντα
1764 4007 1875 4067 ἤτοι
1894 4011 2073 4069 μαθεῖν·
2095 4011 2201 4060 ὅθεν
2211 4010 2291 4061 καὶ
2312 4011 2484 4062 Πύθιος

1415 4085 1682 4150 Ἀπόλλων,
1708 4086 1737 4134 ὃ
1772 4086 1874 4136 ἐκεῖ
1901 4087 2175 4148 τιμόμενος·
2222 4088 2302 4138 καὶ
2339 4090 2481 4153 ἑορτὴ

1416 4162 1613 4227 λαμπρὰ
1632 4163 1826 4225 ἀγῶνες,
1844 4163 1909 4213 τὰ
1930 4162 2093 4215 Πύθια·
2128 4164 2208 4215 καὶ
2228 4169 2482 4230 προφῆτις,

1417 4237 1609 4291 Πυθιάς·
1633 4236 1704 4288 ἔτι
1724 4237 1776 4289 δὲ
1791 4238 1875 4289 καὶ
1894 4239 2135 4303 τωθάζειν
2148 4241 2207 4291 τὸ
2226 4242 2485 4304 μαντεύεο·

1419 4323 1513 4369 θαι.
1575 4316 1803 4385 Insuper
1856 4319 2196 4384 exspectandos
2247 4321 2374 4372 Lov.
2426 4323 2478 4371 4.
