2934 4925
740 455 810 502 τ.
855 451 1045 502 mvn
1091 452 1291 502 ms'r.
1340 452 1488 502 ua.
1538 451 1605 502 v.
1650 451 1814 502 cst.
1856 438 1966 503 52.

249 598 316 649 C.
336 597 479 661 eujus
497 595 619 646 eod.
642 596 709 646 B.
734 596 952 660 praefert
971 602 1145 648 evecta.
1198 596 1302 647 Sed

251 678 417 723 avecta
459 687 647 735 nempe
683 687 754 727 ‚ex
799 674 1022 737 templis,
1066 689 1132 723 ex
1176 673 1305 724 urbe

253 747 441 810 Roma,
458 747 594 812 quod
616 748 799 797 e'odem
822 749 976 799 modo
999 750 1194 799 dictum
1221 755 1304 800 eat

249 838 352 887 quo
385 824 402 850 ‘
421 823 630 872 avolare
653 822 903 872 Romam.'
949 823 1084 873 Vide
1108 823 1173 873 ad
1192 823 1303 876 Liv.

245 912 287 947 1.
309 904 389 948 57.
414 901 441 962 5
466 903 515 949 8.
571 897 711 948 Alibi
732 907 903 949 autem
934 900 952 928 ‘
969 900 1190 949 avehere
1208 900 1224 920 '
1248 906 1303 951 et

247 975 568 1025 ‘advehere'
602 990 632 1023 a
663 976 846 1026 scribis
882 977 1206 1031 commutari,
1229 976 1304 1025 vi-

249 1050 485 1101 debimus
508 1050 572 1100 ad
596 1064 681 1104 rx.
703 1056 754 1102 4.
777 1053 805 1116 5
829 1055 875 1102 1.
926 1052 1056 1100 Τιιιιι
1080 1051 1305 1117 infiniti.-

245 1141 349 1198 quas
371 1134 544 1186 ‚terras
578 1129 705 1181 Lov.
735 1133 785 1178 2.
807 1128 960 1177 Voss·
993 1132 1037 1177 1.
1074 1128 1222 1177 Leid.
1255 1131 1324 1179 2.·

241 1204 401 1255 Harl.
422 1210 475 1255 2.
494 1212 551 1255 et
571 1207 718 1256 Port.
741 1221 857 1270 qua·
875 1220 974 1255 vox
992 1205 1073 1255 hic
1088 1220 1153 1254 ex
1174 1218 1302 1268 praeae

239 1282 455 1334 cedenti
481 1298 629 1333 versu
653 1298 925 1348 perperam
956 1289 1036 1332 est
1057 1281 1301 1346 repetita.

243 1359 456 1409 Deinde
493 1361 794 1410 ammonuimus
833 1360 984 1409 Port.
1016 1358 1306 1408 admouimus

242 1436 473 1488 Gaertm
495 1446 550 1488 et
575 1438 713 1487 Hav.
778 1437 978 1500 Saepius
1012 1436 1086 1485 ita
1121 1449 1303 1498 pecea-

245 1519 352 1564 tur
363 1513 417 1564 in
436 1513 757 1564 membranis
778 1512 1023 1578 antiquis.
1077 1511 1215 1562 Vide
1237 1512 1303 1604 ad

235 1594 441 1639 xuaeffi.
441 1593 564 1660 §5

245 1705 246 1708 η
305 1666 528 1716 Deorum
556 1667 752 1727 cultum,
777 1664 954 1715 deserti
986 1664 1046 1712 ab
1080 1663 1196 1713 Diis
1224 1664 1306 1713 ho-

239 1742 560 1805 minibusque,
613 1748 770 1792 tamen
808 1755 901 1790 non
942 1739 1307 1803 iatenniaimua]

238 1818 596 1883 “transpositis
617 1816 879 1868 vocabulis
901 1817 1113 1874 Deorum
1133 1817 1307 1865 cauum

238 1896 298 1945 ab
328 1896 458 1945 host.
488 1895 637 1944 oculis
649 1894 833 1944 deserti
850 1893 913 1941 ab
933 1893 1069 1956 Diis,
1092 1892 1309 1956 praefert

235 1970 393 2021 Part.
432 1985 466 2019 a
496 1985 566 2022 m.
605 1985 684 2035 pr.
714 1970 892 2019 deserti
912 1986 943 2019 a
964 1969 1081 2019 Diis
1111 1968 1307 2020 habent

237 2048 395 2097 Voss.
432 2046 609 2104 ambo,
649 2045 795 2107 Izeid.
830 2049 880 2094 2.
915 2046 1043 2095 Lov.
1079 2049 1127 2094 1.
1162 2048 1215 2094 3.
1248 2052 1307 2094 et

236 2123 467 2174 Gaertn.
525 2122 733 2174 Deinde
747 2127 849 2171 tam
861 2137 956 2172 uon
968 2121 1308 2171 intermisimus

237 2198 380 2248 idem
403 2199 627 2249 Gaertn.
691 2196 828 2247 Vide
850 2198 914 2247 ad
938 2210 1085 2248 xxn.
1107 2201 1185 2248 17.
1208 2201 1303 2262 56.

237 2275 356 2325 Sed·
373 2290 473 2339 pro
495 2281 599 2325 tum
620 2274 798 2325 datum
820 2281 903 2324 eat
927 2289 1036 2324 cum
1072 2275 1125 2324 iu
1158 2274 1305 2324 Leid.

236 2354 287 2400 2.
354 2351 497 2402 Vide
539 2352 607 2402 ad
643 2352 788 2416 Epit.
821 2352 934 2401 Liv.
972 2351 1061 2401 lib.
1104 2364 1303 2402 xnvm.

236 2428 384 2479 circa
404 2428 579 2482 finem.
646 2429 724 2480 At
746 2443 842 2480 vox
867 2434 1030 2481 tamen
1052 2428 1263 2481 deficit
1251 2443 1303 2478 m

168 2504 425 2563 ΔΙ.ον.4

301 2585 335 2647 5
373 2586 438 2631 10
476 2582 745 2634 Reddidere
780 2584 938 2646 igitur
986 2582 1213 2648 patriam,
1254 2589 1305 2634 et

233 2658 508 2716 victoriam,
528 2664 578 2710 et
598 2659 846 2723 antiquum
876 2660 985 2709 belli
1004 2659 1170 2724 decus]
1206 2659 1304 2709 Re-

233 2735 347 2785 dire
374 2736 534 2797 igitur
569 2736 750 2786 acriboe
790 2736 1121 2787 deerratione
1160 2735 1310 2786 Leid.

236 2813 282 2858 1.
314 2815 372 2859 et
396 2811 524 2860 Lov.
543 2816 595 2862 6.
627 2825 658 2860 a
682 2826 751 2862 ιιι.
782 2827 860 2876 ρι’.
929 2812 1033 2863 Sed
1056 2827 1153 2863 vox
1176 2813 1305 2863 Rea·

231 2886 401 2936 didere
415 2885 601 2936 deerat
617 2887 670 2937 in
690 2890 877 2939 lav-4.
897 2889 1083 2941 relicta
1101 2890 1303 2940 lacuna.

234 2959 375 3013 Tum
416 2963 667 3014 victoriam
708 2967 955 3031 antiquum
994 2966 1118 3021 belli
1144 2968 1306 3030 dem,

234 3041 354 3090 eine
391 3042 579 3106 copula
613 3042 1122 3099 intermedia,·Hav.
1155 3043 1302 3108 quasi

233 3131 298 3167 ea
333 3131 430 3180 per
460 3119 774 3183 epexegeain
799 3119 1117 3170 dicerentur.
1192 3119 1301 3170 Vic-

233 3193 413 3243 toriam
434 3198 481 3244 et
500 3196 688 3259 antiqui
709 3196 817 3247 belli
836 3198 975 3247 decus
993 3196 1144 3247 Harl.
1166 3201 1215 3248 2.
1245 3204 1301 3248 et

234 3269 391 3319 Port.
463 3271 599 3321 Vide
624 3272 690 3322 ad
712 3288 758 3323 e.
782 3278 865 3324 45.
888 3276 989 3339 51.

298 3347 482 3398 Foedua
500 3363 558 3397 ac
571 3349 726 3413 fidem
732 3350 1037 3412 fefellerunt,
1056 3353 1302 3400 emerunt

234 3429 467 3475 terrorem
488 3425 750 3490 fugamque
791 3433 841 3477 et
880 3425 1090 3490 cedem}
1125 3426 1303 3477 Foedua

231 3505 379 3563 atque
419 3500 576 3565 fidem
615 3502 758 3552 Hav.
820 3502 985 3563 foedua
1034 3517 1090 3551 ac
1126 3490 1304 3561 federa

237 3576 392 3627 Harl.
435 3583 486 3629 2.
527 3587 584 3630 et
634 3580 782 3630 Por-t.
846 3582 976 3630 Tum
1012 3580 1302 3641 sdelliuent

235 3653 386 3702 Leid.
441 3646 493 3704 2.
574 3654 713 3705 Hine
749 3655 1013 3719 fugamque
1060 3661 1109 3705 et
1148 3661 1305 3706 cetera

235 3729 458 3781 Gaertn.
524 3731 758 3782 Tandem
796 3747 949 3782 voces
986 3732 1130 3793 sesel.
1177 3738 1302 3783 vert.

231 3810 354 3856 terr.
370 3804 499 3868 fug.
535 3811 585 3856 et
619 3809 737 3858 coed.
760 3808 980 3858 deerant
1001 3810 1051 3859 iu
1076 3809 1226 3860 Voss.
1254 3812 1304 3873 2.

233 3889 292 3930 et
315 3883 445 3932 Lov-
464 3887 512 3932 3.
531 3882 964 3948 quemadmodum
981 3885 1137 3935 etiam
1160 3887 1305 3949 paul-

233 3957 285 4007 lo
307 3965 431 4009 ante
457 3974 559 4009 vox
580 3962 694 4011 eoeci
718 3962 770 4010 in
791 3962 918 4010 Lov.
940 3968 989 4012 6.
1014 3976 1045 4010 a
1067 3976 1135 4010 m.
1158 3976 1237 4024 pr.

302 4035 445 4084 Cau».
468 4050 565 4086 ml.
631 4034 660 4102 5
696 4040 726 4087 1
761 4036 889 4087 Hoec
926 4037 1044 4088 culti
1079 4038 1303 4101 neglecti.

235 4124 325 4173 que
353 4111 567 4160 numinis
590 4117 726 4162 tanta
755 4114 1063 4178 monimenta]
1094 4116 1110 4142 ‘
1129 4114 1303 4164 Moni-

236 4182 506 4239 meufnm’
542 4203 574 4237 a
606 4195 621 4218 ⁸
647 4188 933 4239 mouendo'
970 4190 1180 4255 proprie
1217 4190 1304 4241 hie

237 4262 493 4326 quadrat:
532 4279 842 4330 quamquam
872 4267 1178 4335 quibusdam
1207 4283 1305 4317 mo·

237 4346 399 4391 menta
421 4342 580 4393 etiam
615 4357 721 4394 non
748 4342 1008 4416 diffilicet.
1072 4344 1178 4395 Sed
1200 4359 1304 4396 non

2260 438 2434 506 7813

1379 597 1705 647 mutaverim.
1745 598 1890 648 Glar.
1966 597 2082 648 Jac.
2127 587 2436 648 Perizonius

1380 673 1538 722 etiam
1563 672 1615 721 in
1639 673 1872 737 margine
1895 673 2037 722 Livii
2053 680 2222 737 rogat,
2243 688 2306 722 au
2330 689 2437 723 uon

1377 755 1610 799 momenta
1626 748 1653 800 ζ’
1719 751 1944 800 lta.olim
1967 752 2119 802 Vasa:
2145 756 2191 800 1.
2216 765 2257 800 a.
2268 765 2336 800 m.
2359 766 2437 814 pr.

1378 825 1632 887 exhibuit,
1669 826 1759 875 aed
1797 841 1973 876 omnen
2011 828 2194 892 aetipti
2230 834 2290 877 et
2324 829 2438 891 ipae

1378 900 1488 960 ille,
1508 916 1657 965 quem
1681 903 1982 962 memoravi,
2004 917 2037 952 a
2056 918 2124 952 m.
2146 916 2250 953 aee.
2283 905 2435 952 moui-

1375 983 1536 1027 menta
1575 976 1877 1041 praeferunt,
1914 978 2011 1027 nisi
2046 979 2186 1042 quod
2214 980 2316 1029 alia
2352 993 2434 1028 οι·-

1377 1053 1686 1117 thographia
1728 1059 2025 1104 monumenta
2063 1054 2132 1103 ait
2175 1055 2226 1104 in
2284 1054 2434 1105 Leid-

1376 1129 1649 1191 ambobus,
1668 1131 1796 1181 Lov-
1815 1134 1863 1181 3.
1885 1136 1936 1181 4.
1968 1136 2018 1179 5.
2050 1130 2198 1182 Port-
2220 1131 2359 1180 Hav.
2378 1140 2436 1196 et

1376 1202 1560 1266 fragm.
1574 1206 1713 1256 Hav.
1734 1206 2024 1256 munimenta
2038 1207 2277 1258 autemid
2295 1209 2435 1259 Flor.

1379 1280 1513 1330 Vide
1545 1280 1608 1331 ad
1652 1296 1730 1332 ιν.
1769 1286 1849 1331 10.
1890 1285 1918 1348 5
1942 1287 1993 1334 6.
2060 1283 2257 1333 Omnes
2279 1285 2436 1335 etiam

1378 1358 1574 1421 excusi,
1593 1373 1718 1425 quoa
1750 1359 1879 1421 vidi,
1913 1358 2104 1423 partim
2134 1362 2437 1425 monimenta,

1379 1435 1568 1500 partim
1623 1440 1938 1493 mumma,
1983 1436 2151 1485 nullus
2203 1444 2437 1488 mamma

1377 1511 1568 1574 habet3
1602 1518 1657 1561 et
1694 1512 1900 1578 quidem
1935 1518 2235 1564 monumenta
2268 1515 2435 1569 verius

1378 1601 1492 1637 esse
1515 1588 1738 1638 videtur.
1804 1588 1958 1653 Saepe
1992 1597 2165 1639 autem
2199 1589 2437 1640 librarios

1379 1679 1534 1715 voees
1556 1671 1853 1716 monumenta
1874 1671 1928 1715 et
1949 1671 2183 1716 momenta
2210 1681 2436 1718 eommu-

1380 1746 1540 1804 tasse,
1562 1741 1751 1791 docent
1773 1742 2009 1805 exempla
2031 1755 2072 1790 1.
2095 1744 2177 1791 47.
2199 1744 2228 1804 5
2259 1747 2309 1790 6.
2330 1756 2439 1793 1111.
2467 1791 2473 1804 ,

1382 1822 1460 1868 13.
1484 1821 1579 1882 56.
1615 1832 1696 1869 ιν.
1720 1822 1770 1869 7.
1806 1821 1836 1883 5
1861 1823 1941 1868 10.
1972 1833 2017 1868 c.
2040 1823 2119 1869 12.
2144 1819 2172 1882 5
2195 1823 2244 1868 9.
2282 1833 2335 1868 v.
2354 1823 2438 1868 30.

1381 1895 1480 1958 52.
1514 1902 1569 1944 et
1590 1894 1715 1943 alibi
1738 1910 1897 1958 sape.
1960 1894 2094 1944 vide
2117 1894 2273 1944 etiam
2297 1897 2434 1946 viros

1380 1968 1562 2019 doctos
1586 1969 1650 2018 ad
1664 1971 1845 2021 Valet.
1871 1971 2018 2032 Max.
2039 1984 2103 2021 11.
2127 1975 2175 2019 6.
2194 1985 2281 2020 ex.
2305 1976 2353 2021 7.

1443 2046 1634 2110 Ecquid
1669 2047 1880 2107 sentitis,
1918 2045 2157 2109 Quirites]
2198 2048 2279 2096 Ειι
2321 2048 2435 2110 quid

1379 2122 1534 2173 Harl.
1553 2127 1602 2173 2.
1635 2128 1691 2174 et
1719 2125 1848 2174 Lov.
1868 2129 1919 2173 5.
1953 2139 1985 2173 a
2016 2139 2085 2176 m.
2110 2138 2218 2174 aec.
2254 2126 2438 2188 etquid

1378 2198 1530 2248 Voss.
1599 2207 1834 2265 uterque,
1895 2199 2047 2250 Leid.
2101 2204 2152 2249 2.
2208 2201 2334 2250 Lov.
2384 2205 2434 2251 3.

1379 2275 1602 2326 Gaertu.
1632 2277 1781 2327 Port.
1819 2292 1850 2326 a
1869 2291 1940 2326 ιιι.
1965 2290 2043 2339 ρι’.
2076 2276 2215 2328 Hav.
2248 2275 2435 2342 fragm.

1377 2352 1517 2406 Hav·
1548 2361 1603 2403 et
1638 2354 1761 2405 edd.
1795 2355 1944 2404 Rom.
1970 2356 2115 2403 1472.
2153 2368 2216 2406 ae
2257 2354 2435 2406 Parm.

1375 2429 1477 2480 hac
1497 2431 1610 2496 quid
1632 2431 1783 2481 Leid.
1813 2434 1861 2481 1.
1909 2445 1992 2481 nec
2009 2431 2125 2494 quid
2146 2432 2287 2485 Flos.
2314 2433 2438 2483 ,hee

1376 2508 1564 2570 quidem
1599 2509 1728 2558 Lov.
1750 2512 1802 2558 4.
1839 2515 1893 2557 et
1928 2513 1977 2557 6.
2011 2523 2044 2558 a
2081 2523 2147 2558 m.
2184 2523 2264 2571 ρι’.
2329 2508 2435 2558 Sed

1375 2583 1542 2647 ecqntid
1565 2591 1762 2635 rectum
1787 2591 1902 2647 θοις
1931 2584 2069 2648 quod
2091 2599 2233 2648 aaepe
2248 2600 2365 2638 eum
2389 2590 2437 2634 et

1376 2661 1494 2724 quid
1528 2661 1596 2711 ab
1629 2660 1862 2710 indoctis·
1875 2659 2093 2711 librariis
2113 2663 2436 2723 commutari,

1380 2737 1602 2788 vidimus
1626 2739 1724 2788 hoe
1748 2738 1840 2789 lib.
1862 2737 1925 2787 ad
1951 2753 1999 2788 c.
2023 2742 2104 2788 36.
2140 2739 2238 2801 55.
2270 2739 2436 2801 emnia

1379 2820 1551 2863 autem
1574 2814 1659 2864 hie
1681 2815 1891 2877 ponitur
1912 2828 2008 2877 pro
2039 2827 2184 2863 mera
2218 2814 2434 2865 iuterro-

1378 2889 1607 2952 gatione.
1663 2891 1849 2953 Ecquid
1865 2889 2055 2939 sentitis
2072 2896 2174 2952 eat,
2195 2897 2211 2920 ‘
2228 2904 2294 2939 au
2318 2904 2435 2939 aen-

1378 2966 1551 3017 titia?'
1602 2966 1739 3017 Vide
1761 2965 1827 3015 ad
1852 2979 2035 3019 xxvu.
2061 2970 2141 3016 10.
2160 2968 2188 3031 5
2207 2970 2257 3015 2.
2300 2967 2434 3019 Tum

1376 3043 1546 3092 tentiis
1589 3043 1728 3093 Flor.
1784 3042 2027 3092 sentiretis
2079 3041 2232 3092 Laid.
2275 3046 2324 3091 1.
2375 3050 2433 3092 et

1378 3117 1529 3167 Harl.
1562 3122 1609 3168 1.
1643 3119 1730 3184 qui
1764 3118 1921 3168 iidem
1952 3117 2108 3168 codd.
2140 3118 2298 3168 etiam
2331 3130 2434 3167 nou

1377 3201 1667 3257 agnoscunt
1690 3209 1871 3244 vocem
1896 3195 2130 3250 Quirites.
2193 3192 2295 3244 Sed
2320 3209 2436 3245 eam

1375 3270 1639 3320 exclusam
1664 3277 1788 3333 puto
1808 3270 2143 3321 similitudine
2163 3271 2304 3320 vocis
2323 3285 2435 3335 seq.

1372 3345 1546 3409 Supra
1569 3360 1656 3398 111.
1683 3350 1764 3396 11.
1797 3345 1814 3373 ‘
1832 3345 2033 3410 Ecquid
2067 3347 2273 3395 aemilia
2304 3348 2433 3409 jam,

1375 3436 1486 3484 vos,
1511 3422 1760 3480 Quirites,
1783 3421 2060 3473 Kaesonem
2096 3424 2248 3474 simul
2267 3425 2436 3475 civem

1376 3504 1432 3549 et
1453 3499 1624 3563 legem
1644 3499 1840 3550 habere
1862 3515 1964 3550 nou
1994 3514 2144 3562 posse
2158 3499 2198 3548 θ’
2263 3550 2271 3558 ,

1450 3575 1663 3626 Vixdum
1697 3592 1761 3627 ex
1790 3577 2061 3639 naufragiis
2092 3575 2269 3639 prioris
2287 3576 2434 3637 culpa,

1377 3654 1617 3720 cladisque
1687 3655 1999 3719 emergentes]
2065 3656 2114 3703 E
2163 3656 2434 3716 naufragiis

1377 3731 1530 3782 Voaa.
1566 3739 1808 3798 uterque,
1846 3731 1992 3781 Leid.
2031 3737 2266 3795 uterque,
2309 3732 2434 3784 ιον.

1379 3812 1428 3860 3.
1449 3808 1599 3872 Port.
1613 3809 1835 3860 Gaertn.
1857 3808 1994 3875 Hav.
2018 3817 2074 3857 et
2094 3805 2272 3870 fragm.
2297 3807 2433 3856 Hav-

1377 3886 1526 3936 Idem
1546 3898 1747 3950 quoque
1766 3885 1987 3934 voluisse
2007 3884 2211 3935 videtur
2227 3882 2372 3942 Harl.
2388 3888 2436 3933 1.

1376 3962 1635 4026 librarius,
1660 3964 1749 4027 qui
1771 3969 1942 4015 tamen
1966 3976 2060 4024 per
2083 3975 2307 4010 errorem
2341 3959 2433 4011 dea

1378 4039 1460 4089 dit
1481 4039 1680 4089 vixdum
1698 4055 1771 4089 me
1787 4038 2084 4102 mufmgiio,
2107 4038 2286 4087 ultima
2317 4038 2434 4089 lite·

1377 4128 1437 4164 ra
1458 4117 1602 4165 vocis
1623 4116 1819 4164 vixdum
1841 4115 1974 4163 male
1999 4115 2229 4178 repetita
2262 4115 2313 4162 in
2337 4114 2435 4162 iui-

1380 4193 1457 4243 tio
1479 4194 1762 4258 sequentis.
1827 4191 1964 4241 Vide
2004 4191 2069 4241 ad
2107 4203 2333 4240 xxxvn.
2351 4195 2433 4241 29.

1379 4270 1407 4333 5
1432 4273 1482 4318 8.
1530 4271 1580 4318 E
1600 4267 1845 4331 naufragii
1875 4268 2051 4331 prioris
2069 4269 2205 4330 culpa
2236 4266 2364 4315 Lov.
2385 4271 2433 4317 2.

1380 4351 1428 4396 4.
1450 4352 1500 4397 5.
1532 4346 1683 4409 culpa,
1708 4361 1801 4410 ριο
1821 4347 1986 4410 culpoe,
2005 4344 2163 4396 etiam
2187 4341 2332 4393 Leid.
2353 4345 2400 4391 1.
