2934 4925
788 428 857 476 Τ
883 428 1092 475 ·1.1v11
1144 428 1346 475 Hl‘sv.
1396 428 1538 475 Lm.
1587 428 1692 475 vl.
1737 428 1906 478 GAP.

1948 414 2060 479 42.
2346 412 2519 480 8117

325 575 480 623 Gran.
544 569 787 636 Sigonius
824 570 877 620 in
915 571 1082 636 prima
1115 569 1202 621 eti.
1224 571 1384 621 Scho-
1441 572 1624 637 fierent
1641 569 1791 622 Leid.
1805 575 1847 621 1.
1862 571 1990 621 ιον.
2006 574 2119 622 aas.
2134 571 2286 621 Post.
2298 571 2519 623 Gaertn.

322 650 506 698 lior-nm
562 648 640 698 ita
702 647 1079 697 emendandum
1136 649 1382 712 conjecit,

321 723 754 790 quemadmodum
782 724 1016 775 Valesius
1038 725 1105 775 ad
1141 726 1273 776 bunc
1306 727 1383 775 lo

323 816 445 851 curn
473 801 708 851 monuit·
694 835 708 851 .
743 802 798 851 in
817 806 1067 851 contextu
1090 815 1224 858 vero,
1251 801 1384 851 Livii

323 878 400 927 ita
422 876 624 928 edidit:
659 878 1001 942 meritoqueid,
1022 879 1068 928 si
1086 880 1274 942 quando
1295 892 1383 928 rnr-

321 967 466 1017 quam
482 954 624 1015 alias,
641 954 834 1015 sactum
854 955 912 1005 S.
935 956 1151 1015 &serio
1168 960 1222 1005 ut
1245 955 1385 1005 Lati-

322 1045 399 1079 noe
422 1030 626 1095 fierent,
658 1035 708 1079 et
743 1030 845 1080 dies
878 1046 1015 1082 unus.
1083 1031 1147 1081 In
1183 1031 1385 1081 iteratis

325 1113 505 1156 tamen
526 1103 648 1155 edd.
672 1120 773 1155 non
797 1107 951 1156 modo
973 1108 1144 1171 ipsum
1160 1108 1386 1159 scholion

324 1181 520 1240 omisit,
545 1196 721 1232 rernm
739 1183 897 1234 etiam
919 1184 969 1233 in
987 1192 1238 1236 contextu
1255 1185 1388 1249 pris-

323 1273 439 1307 cam
478 1258 756 1309 lectionem
796 1261 1058 1324 restituit3
1092 1269 1151 1313 ut
1186 1269 1388 1327 pateat,

321 1335 492 1396 ipsum
516 1350 633 1385 eum
658 1342 841 1399 postea
870 1339 1187 1401 conjecturae
1226 1339 1387 1404 poeni·

325 1411 504 1468 tuisse,
538 1427 689 1477 quam
728 1413 883 1463 etiam
924 1430 1139 1480 magnus
1180 1415 1388 1466 Grono-

327 1489 440 1538 vius
479 1488 710 1553 pluribus
744 1491 1022 1544 refellebat
1054 1493 1107 1543 d.
1142 1496 1241 1545 loc.
1275 1494 1387 1546 Ob·

324 1573 521 1617 servat.
558 1574 614 1618 et
653 1577 878 1621 mentem
920 1572 1070 1629 Livii,
1103 1587 1219 1637 qnae
1259 1574 1388 1623 satis

321 1645 479 1708 piane
504 1644 814 1708 exprimitur
836 1646 887 1695 in
911 1649 1077 1697 veteri
1112 1649 1389 1713 scriptura,

324 1723 461 1772 banc
485 1736 599 1772 esse
621 1722 780 1773 docet
801 1739 814 1772 ι
850 1725 982 1775 Cum
1005 1740 1120 1775 eam
1142 1740 1251 1775 rem
1274 1726 1389 1790 dig·

322 1811 448 1846 nam·
460 1805 697 1847 censeret
713 1799 1023 1863 senatus,ob
1038 1816 1189 1865 quam
1202 1800 1390 1853 fierent

325 1872 593 1938 magnifici
631 1875 739 1923 indi
771 1883 826 1925 et
864 1890 966 1925 uno
1002 1876 1084 1926 die
1123 1877 1279 1933 aucti,
1302 1877 1389 1943 qui

322 1954 562 2006 solebant
599 1955 836 2005 comitari
877 1957 1115 2019 Latinas3
1168 1972 1389 2023 cumque

322 2033 465 2082 idem
490 2040 750 2095 censeret,
769 2033 947 2082 aediles
969 2033 1389 2098 plebis,siquan-

324 2110 396 2158 do
422 2123 645 2174 unquam
680 2110 826 2165 alias,
859 2109 1081 2160 libentes
1117 2111 1303 2160 merito
1337 2110 1387 2159 id

324 2188 561 2237 Deorum
587 2186 947 2235 immortalium
964 2201 1145 2236 caussa
1159 2185 1390 2236 facturos

325 2270 739 2324 curaturosque;
775 2267 883 2310 tum
916 2275 1178 2311 recusasse
1209 2277 1392 2326 aggra-

325 2345 506 2387 vatum
531 2352 714 2386 munus
738 2337 934 2393 aediles,
956 2338 1182 2402 juvenes
1216 2346 1391 2389 autem

328 2412 584 2477 patricios
607 2413 972 2477 succlamasse,
1007 2428 1061 2464 se
1082 2429 1204 2467 vero
1229 2415 1281 2468 id
1303 2416 1394 2465 bo·

325 2490 472 2539 noris
510 2490 675 2539 Deum
714 2491 1076 2541 immortalium
1116 2507 1302 2542 caussa
1333 2493 1395 2543 li·

327 2567 520 2618 benter
541 2574 767 2629 acturos,
799 2582 913 2617 cum
950 2582 1013 2618 eo
1037 2576 1095 2618 ut
1117 2568 1303 2619 fierent
1326 2585 1394 2618 se·

329 2645 464 2693 diles
509 2644 733 2692 curules.
817 2642 980 2694 Addit
1024 2644 1234 2702 deinde,
1266 2654 1281 2677 ‘
1302 2647 1394 2697 tri-

330 2722 492 2770 duum
510 2719 525 2742 '
570 2721 695 2770 illud
740 2735 842 2770 non
887 2721 1027 2771 aliud
1074 2736 1210 2786 esse,
1242 2738 1395 2787 quam

326 2796 563 2848 triduum
602 2798 923 2860 Latinarum,
959 2813 1075 2864 quae
1102 2814 1202 2848 vox
1236 2800 1280 2849 si
1321 2801 1395 2850 in-

326 2879 474 2923 serta
489 2879 645 2937 esset,
662 2874 833 2923 omnia
846 2873 959 2924 fore
973 2876 1191 2926 clariora
1206 2896 1222 2940 3
1244 2891 1398 2941 nunc,

330 2951 458 3014 quia
476 2951 643 3008 abest,
675 2952 881 3000 omnino
905 2952 1315 3017 intelligendam,
1338 2961 1398 3004 ut

330 3027 499 3076 multa
525 3027 685 3076 voluit
704 3027 896 3077 Livius.
961 3029 1191 3079 Tandem
1216 3031 1394 3080 existi-

331 3110 467 3166 mat,
504 3103 546 3152 si
578 3103 702 3169 quid
724 3105 1023 3155 mutandum
1048 3113 1203 3163 esset,
1232 3114 1398 3157 trans-

333 3181 595 3245 positione
618 3178 791 3230 forsan
816 3180 1110 3231 faciendum
1141 3196 1276 3246 esse,
1299 3183 1398 3232 boc

331 3259 524 3308 modo:
556 3274 697 3322 quum
726 3261 921 3320 dignam
942 3274 1047 3308 eam
1073 3263 1175 3309 rein
1205 3265 1399 3310 senatus

332 3340 543 3384 censeret
563 3350 679 3391 esse,
712 3340 766 3384 ut
799 3335 901 3384 ludi
921 3335 1120 3384 maximi
1126 3336 1329 3401 fierent,
1351 3342 1399 3386 et

332 3412 437 3460 dies
459 3426 576 3475 unus
594 3414 655 3460 ad
673 3412 887 3460 triduum
924 3412 1225 3473 adjiceretur,
1258 3413 1397 3464 meri-

336 3493 474 3551 toque
492 3488 559 3543 id,
580 3488 624 3535 si
645 3490 829 3551 quando
849 3502 1053 3551 unquam
1070 3488 1210 3551 alias,
1239 3490 1401 3550 Deum

334 3563 677 3613 immortalium
722 3578 885 3612 caussa
944 3564 1141 3615 libenter
1179 3566 1402 3627 facturos

321 3640 475 3700 sore,·
521 3638 845 3688 recusantibus
884 3638 939 3687 id
980 3655 1148 3690 munus
1182 3641 1402 3690 edilibus

335 3716 503 3779 plebis.
582 3716 745 3766 Quasi
790 3716 1098 3778 repetisset:
1141 3733 1401 3784 quumque

341 3792 477 3842 idem
502 3800 713 3843 senatus
738 3798 998 3855 censeret,
1016 3794 1201 3843 merito
1219 3794 1270 3844 id
1294 3794 1400 3846 fac·

344 3878 489 3921 turos
514 3869 692 3919 aediles
716 3869 904 3934 plebis,
939 3872 1296 3922 recusantibus
1319 3873 1400 3924 iis.

342 3947 584 3996 Ceterum
625 3952 853 3994 testatur
889 3945 1047 3996 etiam
1087 3946 1402 4012 Gronovius,

343 4015 398 4072 s'e
423 4022 691 4072 varietatis
714 4022 797 4070 bic
816 4022 940 4070 nibil
960 4023 1010 4071 in
1024 4023 1235 4086 scriptis
1249 4025 1401 4074 codd.

342 4099 631 4149 invenisset
667 4111 835 4160 neque
871 4097 1067 4163 aliquid
1101 4099 1152 4148 in
1175 4099 1301 4149 meis
1327 4115 1403 4149 re·

346 4177 477 4239 peri,
510 4175 604 4224 nisi
630 4173 764 4238 quod
797 4173 895 4237 ipsi
927 4176 1129 4237 quando,
1153 4189 1247 4237 pro
1274 4175 1327 4224 id
1359 4175 1404 4224 si

345 4255 545 4317 quando,
571 4249 820 4321 praeferat
844 4253 968 4301 Lov.
992 4256 1041 4302 3.
1073 4253 1175 4302 ludi
1198 4252 1404 4303 maxime

1456 648 1601 699 Har.
1620 655 1677 699 et
1701 648 1888 713 fragm.
1911 648 2051 700 Hav.

1462 750 1471 759 ·
1522 725 1648 776 Dies
1664 728 1860 776 annua
1877 725 2100 776 triduum
2108 683 2417 788 subiceretur]
2438 724 2522 775 Δὶ

1454 801 1668 852 umam
1687 803 1926 853 rimamur
1952 801 2101 853 Harl.
2125 807 2175 855 2.
2223 806 2287 853 ad
2307 804 2522 853 triduum

1455 880 1673 930 admno-
1695 878 1847 928 Leid.
1872 884 1919 930 1.
1943 893 1975 927 a
2000 892 2068 927 m.
2090 892 2170 942 pr.
2202 879 2469 929 adiceretur
2488 892 2521 928 a

1458 970 1529 1007 nr.
1549 968 1658 1005 sec.
1691 969 1809 1006 cnm
1832 956 1963 1005 ιον.
1982 959 2033 1006 1.
2056 962 2113 1005 et
2134 957 2359 1019 Gaertn.
2381 957 2521 1021 quud

1457 1031 1694 1082 teretium
1725 1032 1778 1082 in
1810 1032 2009 1082 duobus
2033 1031 2168 1082 Pali.
2186 1040 2244 1082 et
2268 1033 2523 1096 Osmpsni

1460 1108 1548 1158 ed.
1583 1109 1790 1168 vidisse,
1833 1109 2149 1161 Gebhardns
2192 1117 2415 1159 testatur
2454 1109 2521 1158 ad

1462 1199 1555 1235 ιιι.
1579 1189 1659 1237 88.
1682 1186 1710 1250 ς
1734 1191 1814 1236 10.
1880 1184 2019 1236 Vide
2039 1186 2103 1236 sd
2128 1200 2193 1236 11.
2216 1190 2296 1235 10.
2321 1189 2419 1251 §.Q
2457 1188 2523 1235 ad

1462 1262 1674 1311 triduum
1709 1263 1947 1313 addiceret
1976 1263 2104 1313 Lov.
2128 1267 2176 1312 3.
2218 1264 2282 1312 ad
2309 1263 2523 1312 triduum

1462 1338 1764 1387 addiceretur
1782 1338 1934 1387 Voss.
1966 1343 2017 1388 2.
2053 1338 2203 1389 Leid-
2234 1344 2282 1389 2.
2322 1340 2450 1388 Lov.
2473 1344 2524 1389 2.

1464 1418 1513 1463 5.
1550 1421 1607 1463 et
1641 1414 1831 1478 fragm.
1866 1414 2002 1464 Hav.
2068 1415 2203 1464 Vide
2238 1414 2304 1463 ad
2328 1430 2368 1464 1.
2389 1419 2520 1481 30.§

1462 1493 1513 1539 3.
1542 1491 1605 1540 ad
1618 1492 1827 1540 triduum
1847 1493 2148 1541 reduceretur
2165 1490 2304 1541 Har.

1529 1568 1557 1631 ᾧ
1582 1572 1644 1618 13
1682 1567 2036 1616 Conclamatum
2057 1582 2088 1615 a
2107 1566 2328 1629 patriciis
2348 1570 2421 1616 est
2435 1565 2523 1626 ju-

1460 1643 1674 1706 venibus,
1708 1659 1760 1694 se
1790 1644 1845 1694 ia
1877 1644 2071 1693 honoris
2101 1643 2262 1692 Deum
2295 1643 2525 1693 inmorta-

1460 1720 1602 1785 lium]
1649 1720 1766 1770 Pal.
1791 1725 1842 1770 2.
1873 1721 2098 1769 conclam.
2118 1720 2178 1769 ab
2199 1719 2432 1769 Patribus
2451 1725 2526 1769 est

1448 1799 1560 1860 juv.
1591 1797 1763 1848 Gebb.
1827 1797 1906 1847 Ab
1923 1796 2142 1861 patriciis
2163 1795 2348 1857 estjuv.
2374 1797 2525 1845 Port-

1462 1880 1519 1925 et
1552 1876 1689 1925 Hav.
1734 1891 1765 1925 a
1795 1875 2014 1939 patribus
2052 1879 2124 1923 est
2146 1873 2253 1934 juv.
2292 1873 2441 1924 Leid.
2476 1877 2527 1923 2.

1464 1952 1670 2002 Deinde
1686 1954 1893 2002 Deorum
1910 1952 2245 2000 immortalium
2260 1958 2387 2000 vett.
2403 1951 2526 2002 edd.

1461 2043 1558 2092 pro
1580 2044 1681 2093 qno
1705 2027 1870 2079 Aldus
1885 2029 2043 2078 Deum
2065 2028 2231 2084 dedit,
2252 2029 2525 2077 concinen-

1466 2106 1604 2155 tibus
1618 2106 1855 2154 omnibus
1872 2108 2072 2155 calamo
2089 2105 2332 2154 exaratis.
2367 2106 2524 2154 Paul-

1464 2181 1517 2230 lo
1535 2189 1658 2231 ante
1678 2182 1733 2231 id
1754 2182 1929 2243 minus,
1956 2196 2052 2245 pro
2089 2182 2142 2231 id
2171 2195 2356 2243 munus,
2392 2194 2525 2245 prae-

1463 2256 1638 2307 ferunt
1661 2258 1799 2307 HaV.
1823 2266 1878 2309 et
1904 2259 2032 2308 [ιον.
2052 2261 2103 2307 4.

1527 2338 1556 2400 §
1580 2338 1643 2385 14
1669 2334 1853 2391 Quibus
1867 2350 2006 2398 quum
2022 2335 2082 2385 ab
2097 2332 2331 2384 universis
2345 2334 2527 2396 gratioe

1460 2418 1583 2462 actoe
1624 2418 1801 2476 essent,
1825 2413 2018 2473 factum
2052 2412 2526 2478 senatusconsultum]

1467 2490 1652 2547 Quibus
1673 2506 1815 2554 quum
1835 2489 1968 2541 univ.
2003 2491 2182 2553 gratias
2217 2495 2339 2539 actoe
2374 2497 2529 2541 essent

1447 2569 1617 2643 ‘Port.
1653 2576 1707 2616 et
1741 2568 1881 2618 Hav.
1948 2567 2225 2617 Praeterea
2245 2566 2435 2627 factum
2455 2583 2529 2618 se-

1462 2646 1819 2695 natusconsulto
1839 2643 2050 2694 Leims.
2071 2651 2125 2694 et
2147 2645 2276 2695 Lov.
2290 2649 2340 2693 1.
2355 2659 2418 2693 ac
2439 2648 2490 2694 4.

1540 2721 1610 2770 Ut
1630 2722 1722 2769 duo
1739 2721 1867 2770 viros
1884 2719 2071 2784 ediles]
2127 2721 2194 2769 Ut
2219 2721 2335 2770 duos
2364 2721 2529 2778 (ediles

1467 2797 1595 2847 Lov.
1617 2801 1664 2846 3.
1689 2797 1840 2846 Voss.
1862 2799 1911 2846 2.
1945 2803 2000 2845 et
2024 2795 2169 2847 Leid.
2187 2801 2236 2846 2.
2283 2802 2342 2845 ut
2360 2799 2527 2846 duum·

1464 2874 1596 2922 viros
1615 2875 1778 2923 oediles
1802 2873 1952 2923 Harl.
1978 2877 2026 2922 1.
2058 2862 2112 2922 ut
2130 2874 2248 2922 duos
2264 2873 2393 2922 viros
2411 2873 2530 2922 aedi·

1466 2951 1537 2998 les
1556 2949 1707 2998 Voss.
1732 2953 1780 2998 1.
1815 2947 1968 2998 Leid.
1996 2952 2042 2998 1.
2076 2949 2201 2999 Lov,
2237 2952 2286 2999 1.
2312 2954 2360 2998 2.
2392 2954 2442 2998 -1,
2476 2955 2526 3000 5.

1469 3023 1622 3074 Harl.
1664 3029 1715 3074 2.
1771 3024 1921 3074 Port.
1976 3024 2195 3075 Gaertn.
2248 3026 2528 3076 Klockian.

1469 3106 1610 3156 Har.
1645 3104 1831 3167 fragm.
1868 3105 2005 3156 Hav.
2027 3120 2305 3171 omnesque
2330 3105 2531 3155 Osoni-

1469 3196 1620 3232 enses
1643 3181 1780 3246 apud
1808 3181 2113 3233 Hearninm.
2159 3183 2350 3246 Neque
2374 3183 2532 3233 aliter

1471 3257 1602 3308 editi
1624 3272 1786 3322 usque
1809 3257 1873 3306 ad
1896 3257 2233 3315 Gronovium,
2253 3260 2338 3324 qni
2363 3260 2416 3308 in
2440 3274 2528 3310 no-

1472 3332 1540 3384 'tis
1563 3334 1625 3383 ad
1650 3346 1826 3383 xxxv.
1853 3337 1935 3383 21.
1975 3336 2074 3400 55.
2105 3342 2343 3397 testatus,
2375 3350 2533 3384 mem-

1473 3412 1660 3461 branas
1686 3409 1955 3459 Tbuaneas
1988 3413 2130 3461 clare
2161 3411 2261 3461 hoc
2296 3415 2411 3461 loco
2441 3414 2533 3462 duo

1471 3488 1600 3538 viros
1619 3486 1782 3537 ediles
1805 3485 2073 3551 praeferre,
2093 3489 2327 3538 eamdem
2351 3490 2533 3539 lectio·

1471 3577 1591 3612 nem
1631 3562 1820 3612 deinde
1860 3577 1906 3611 a.
1950 3566 2091 3613 1666.
2135 3563 2189 3613 in
2225 3571 2531 3614 contextum

1475 3639 1694 3701 recepit.
1759 3638 1831 3687 Et
1854 3638 1928 3687 ita
1949 3640 2103 3687 etiam
2129 3640 2195 3689 ab
2218 3641 2364 3689 initio
2387 3641 2532 3690 exbi-

1474 3714 1590 3764 buit
1627 3715 1764 3764 Flor.
1799 3715 1850 3763 in
1889 3729 1991 3780 quo
2025 3714 2127 3765 alia
2161 3729 2313 3765 mann
2336 3717 2535 3766 literas

1476 3799 1661 3856 postea
1685 3790 1825 3840 inter
1848 3804 2027 3841 versus
2051 3791 2321 3853 adscripta
2343 3799 2442 3852 est,
2472 3798 2533 3842 ut

1474 3868 1612 3917 foret
1632 3870 1749 3917 duos
1779 3867 1922 3916 viros.
1986 3867 2121 3917 Vide
2150 3869 2302 3932 plura
2323 3869 2388 3917 ad
2413 3883 2532 3919 enm

1474 3945 1641 3996 locum
1669 3944 1824 3993 Livii.

1539 4021 1714 4070 Patres
1735 4025 1951 4070 auctores
1971 4020 2186 4070 omnibus
2205 4018 2306 4082 eius
2325 4022 2440 4071 anni
2456 4038 2532 4072 co-

1474 4101 1628 4151 mitiis
1635 4100 1842 4165 fierent]
1868 4099 2046 4149 Verba
2061 4099 2162 4160 qius
2174 4094 2290 4148 anni
2311 4099 2412 4148 Ms.
2432 4115 2533 4149 non

1474 4177 1662 4227 babetx
1700 4177 1790 4225 sed
1828 4177 1990 4225 erasis
2029 4176 2091 4224 iis
2129 4176 2314 4225 lacuna
2349 4177 2535 4226 relicta

1477 4262 1576 4305 est.
1626 4253 1800 4304 Klock.
1880 4252 1979 4302 Illa
2014 4258 2314 4304 constanter
2352 4267 2533 4318 supcr-
