2934 4925
477 410 653 477 ‘7916

483 573 535 620 2.
556 570 707 621 Por-r.
728 575 784 620 et
806 568 943 620 Hav.
994 570 1327 621 cere-euim
1347 570 1549 622 Klocka

479 647 584 697 ian.
649 647 729 695 Ex
753 646 909 695 editis
934 646 1258 697 emmim
1285 648 1435 711 primi
1466 663 1548 697 re·

483 727 739 785 ceperunt
751 722 1169 774 Mediolanenses
1182 729 1324 774 1496.
1336 732 1390 773 et
1403 729 1550 775 1505.

483 799 675 850 Veneti
708 801 854 848 1498.
878 799 995 849 hinc
1020 799 1301 850 Ascensius
1327 804 1473 850 1513.
1492 806 1550 851 et

487 879 634 925 1516.
680 877 834 926 etiam
875 875 1041 926 Aldus
1087 885 1142 927 et
1185 877 1395 942 quidam
1442 878 1549 928 alii.

485 954 819 1003 vetustiores
894 953 1153 1005 dederant
1219 956 1547 1006 circiensium.

482 1030 587 1081 Sed
613 1031 958 1082 Circeiensium
982 1033 1094 1097 jam
1120 1040 1263 1083 recte
1283 1034 1546 1096 Mognnti·

482 1107 538 1157 ni
575 1110 933 1157 restituerunt.
997 1108 1135 1158 vide
1169 1108 1234 1157 ad
1254 1123 1317 1159 ιι.
1338 1112 1423 1159 39.
1445 1110 1475 1174 ᾧ
1496 1114 1547 1160 2.

487 1191 543 1232 et
575 1183 670 1233 boc
699 1183 790 1233 lib.
822 1183 886 1233 sd
913 1198 1030 1247 cap.
1050 1199 1162 1249 seq.
1186 1186 1215 1249 ξ
1236 1188 1286 1235 8.
1309 1185 1374 1236 ad
1398 1200 1443 1236 c.
1467 1190 1547 1237 17.

485 1261 519 1323 §
541 1264 593 1310 7.
626 1260 691 1309 sd
715 1273 842 1310 vm.
866 1264 917 1311 3.
953 1259 1056 1325 §a
1095 1269 1150 1312 et
1188 1263 1332 1313 alibi.
1400 1263 1550 1313 Prae-

486 1345 635 1386 terea
668 1334 726 1385 τὸ
761 1342 811 1386 et
847 1349 949 1387 non
985 1336 1205 1400 adparet
1241 1340 1293 1389 in
1324 1339 1476 1390 Harl.
1498 1345 1548 1391 2.

487 1413 637 1463 Port.
673 1421 727 1462 et
761 1413 899 1464 Har.
931 1419 980 1464 et
1016 1415 1295 1477 cotonijm
1331 1416 1549 1480 praefert

487 1488 677 1551 fragm.
699 1491 836 1542 Hav-
877 1491 1024 1541 ets’ent
1056 1493 1207 1542 colona·
1240 1498 1289 1542 et
1327 1494 1432 1543 alio
1464 1510 1547 1544 or·

485 1564 609 1615 dine
636 1567 763 1617 Lov.
783 1571 837 1617 4.
881 1572 930 1618 et
956 1569 1110 1619 coloni
1141 1570 1287 1620 etim
1306 1584 1337 1619 n
1369 1571 1551 1623 Volscis

482 1640 613 1691 Lov,
635 1646 686 1692 2.

549 1720 578 1782 §
601 1723 633 1768 7
661 1718 902 1770 Romans
922 1722 1149 1787 dicenter,
1182 1724 1353 1773 casm·
1382 1739 1437 1775 eo
1467 1723 1549 1775 die

477 1794 674 1858 positis]
721 1796 810 1847 Ita
845 1806 1146 1848 constanter
1180 1815 1358 1851 omnes
1395 1801 1548 1863 editi,

480 1871 669 1935 quibus
694 1879 865 1922 tamen
890 1875 1198 1938 scriptorum
1231 1878 1402 1927 nullus
1424 1891 1547 1926 con-

480 1948 642 1997 sentit
671 1955 869 2011 proeter
904 1950 1047 2001 Flor-
1082 1952 1211 2001 Lov.
1231 1958 1283 2004 2.
1321 1961 1377 2005 et
1406 1954 1546 2004 Hav.

481 2024 684 2089 Reliqui
702 2034 874 2075 autem
896 2030 1110 2089 primam
1132 2039 1308 2079 vocem
1328 2031 1392 2080 ad
1410 2046 1546 2095 prae·

479 2099 755 2150 cedentem
784 2103 1054 2165 periodum
1083 2103 1341 2156 referunt.
1406 2107 1546 2157 Nam

477 2192 511 2225 u
558 2177 756 2227 Velitris
795 2180 1020 2229 &mais
1073 2182 1271 2233 liabent
1307 2183 1458 2233 Voss.
1501 2189 1547 2233 1.

477 2251 628 2302 Leid.
647 2257 699 2303 2.
731 2262 786 2304 et
818 2256 944 2306 Lov.
972 2261 1019 2305 1.
1070 2259 1226 2306 coloni
1259 2259 1427 2322 etiam,
1461 2261 1546 2310 vel

468 2328 575 2388 jum
597 2343 626 2378 a
649 2330 847 2381 Velitris
865 2331 1084 2382 Romani.
1137 2333 1369 2385 Dictator
1390 2336 1546 2388 Voss.

475 2408 529 2455 2.
571 2405 717 2456 Leid.
739 2410 788 2456 1.
827 2408 956 2457 Lov-
987 2412 1039 2458 3.
1069 2413 1119 2458 4.
1141 2415 1191 2458 5.
1228 2411 1386 2462 Harl.·
1405 2420 1548 2468 utet·-⁸

478 2495 602 2545 que,
638 2482 857 2535 Gaertn.
898 2486 1051 2535 Port.
1094 2493 1151 2535 et
1186 2485 1372 2551 fragm.
1406 2488 1545 2539 Har.

478 2573 597 2622 qum
648 2559 810 2611 lectio
852 2560 990 2613 forte
1033 2564 1191 2614 etiam
1237 2566 1412 2616 verior
1453 2568 1546 2617 ha·

478 2633 668 2687 benda.

543 2712 814 2777 Hostiaqne
836 2730 961 2765 coesu
982 2731 1149 2780 pacem
1172 2718 1334 2767 Deum
1354 2719 1548 2768 adores-

478 2790 572 2853 set]
608 2790 711 2840 Pro
733 2797 929 2853 orasset,
946 2794 1286 2858 compositum
1312 2808 1406 2856 pro
1428 2795 1548 2844 sim·

482 2866 621 2928 plici.
687 2867 825 2918 Vide
858 2870 1138 2920 Burmann.
1177 2870 1243 2920 sd
1268 2870 1428 2921 ovid.
1449 2872 1549 2934 Ep.

479 2943 740 2993 Ariadnes
758 2960 836 2995 vs.
857 2950 970 2997 141.
994 2948 1129 2997 an.
1183 2949 1381 2998 orasset
1399 2949 1547 2999 Voss»

483 3024 532 3069 1.
549 3020 699 3071 Leid.
715 3024 764 3072 2.
788 3022 916 3071 Lov.
936 3027 983 3073 1.
1000 3028 1050 3072 4.
1064 3029 1113 3073 5.
1132 3024 1282 3073 Harl.
1298 3028 1348 3074 2.
1362 3022 1551 3087 fragm.

482 3095 621 3144 Hav.
641 3111 671 3144 a
689 3112 756 3147 m.
779 3113 884 3149 sec.
905 3098 1071 3164 (quod
1093 3103 1314 3151 adora-m
1336 3115 1365 3150 a
1380 3117 1447 3151 m.
1469 3116 1547 3165 ρι’.

481 3170 681 3235 obfert)
719 3183 776 3223 et
812 3175 1033 3226 Hearnii
1068 3177 1244 3228 Oxon.
1284 3179 1347 3229 Β.
1385 3187 1442 3229 et
1477 3180 1547 3230 N.

480 3254 726 3299 exorasset
764 3250 1046 3302 Klockian.
1089 3254 1230 3316 quod
1270 3261 1548 3320 utrumqne

481 3337 550 3373 ex
580 3325 883 3376 Scholiastae
917 3330 1242 3392 expositione
1274 3333 1551 3396 marginali

483 3408 791 3452 contextum
815 3404 1059 3455 invasisse
1083 3407 1303 3459 videtur.
1368 3411 1384 3439 ‘
1405 3408 1547 3459 Ado·

483 3477 633 3526 rare’
665 3484 753 3528 est
786 3493 956 3530 orare.
1023 3480 1160 3531 Vide
1191 3483 1459 3534 Passerat.
1492 3492 1551 3535 et

482 3553 773 3607 Btoekbus.
794 3555 860 3605 ad
880 3557 1123 3621 Propert.
1140 3560 1175 3607 l.
1187 3572 1225 3607 1.
1236 3560 1302 3609 el.
1316 3566 1366 3611 4.
1380 3575 1454 3609 vs.
1469 3566 1553 3611 27.

482 3644 699 3694 quorum
744 3632 829 3682 bic
883 3634 1169 3697 prasertim
1227 3649 1342 3687 eam
1397 3637 1549 3702 hujus

483 3706 628 3756 verbi
664 3707 1096 3768 significationem
1128 3712 1417 3764 vindicavit
1458 3714 1549 3764 ad-

480 3798 663 3835 versus
696 3786 981 3849 valesium,
1014 3788 1104 3853 qni
1140 3804 1206 3839 eo
1242 3804 1397 3840 sensu
1437 3806 1548 3840 nm·

480 3873 633 3922 quam
681 3867 984 3925 usurpatum
1037 3862 1198 3914 fuisse
1246 3873 1547 3929 negaverat.

483 3935 557 3984 Et
578 3950 640 3985 eo
662 3940 814 4005 ruodo
836 3937 977 3990 forte
1012 3940 1181 4004 accipi
1216 3940 1374 3992 debet
1405 3942 1548 4005 apud

483 4012 658 4064 valer.
698 4015 844 4065 Max.
886 4029 927 4068 1.
964 4022 1012 4067 1.
1048 4031 1133 4067 ex.
1155 4018 1386 4071 ⁷.‘Qua
1425 4020 1548 4070 ado-

482 4093 653 4146 rante.
690 4105 845 4154 quum
883 4092 1178 4156 carbasum,
1215 4109 1370 4159 quam
1410 4096 1549 4160 opti·

482 4178 618 4212 mam
641 4164 894 4226 habebat,
911 4165 1083 4218 foculo
1107 4170 1442 4234 inposuisset,
1462 4186 1551 4221 su-

481 4239 597 4289 bito
636 4239 771 4303 ignis
816 4243 1094 4295 emicuit2’
1138 4245 1215 4294 ita
1250 4255 1397 4295 certe
1445 4262 1548 4299 non

480 4329 628 4381 opus>
646 4315 767 4383 erit,
792 4324 849 4368 ut
879 4317 1063 4370 invitis
1098 4320 1231 4373 Mes.
1251 4335 1371 4374 cum
1395 4323 1548 4376 Peri-

1173 427 1391 478 NO'I'AE
1438 427 1848 479 vamolwm
1898 429 1982 480 IN

1620 572 1772 626 senio
1793 573 2022 635 legamus
2054 588 2215 638 qaam,
2232 579 2427 640 nempe
2448 575 2694 638 Vestam,

1620 652 1861 700 odoram.

1686 726 1805 775 Jam
1824 742 1960 777 erma
1979 729 2043 777 ad
2058 728 2354 792 propositum
2379 743 2562 792 pugnae
2596 729 2700 789 sig-

1621 801 1890 857 samaiae
1908 803 2112 853 edictum
2143 810 2268 863 erat,
2293 806 2394 854 luce
2425 805 2586 867 prim
2617 820 2699 854 ca-

1618 877 1830 942 pientes]
1867 878 1933 928 Τὸ
1952 879 2145 942 siguum
2167 878 2349 930 deficit
2387 881 2438 928 in
2476 880 2700 929 Gaertu.

1624 952 1838 1002 Deinde
1874 956 2000 1003 sicut
2040 957 2257 1004 eductum
2294 960 2402 1005 emt
2447 953 2600 1004 Leid.
2648 959 2699 1004 1,

1621 1028 1879 1093 quomodo
1936 1045 2080 1094 soepe
2136 1031 2322 1081 scribae
2385 1039 2697 1095 peccarunt.

1620 1106 1757 1157 Vide
1794 1107 1861 1156 ad
1893 1121 2101 1158 xxxix.
2124 1112 2203 1158 15.
2235 1110 2263 1172 ς
2297 1112 2378 1157 11.
2425 1109 2560 1157 sicut
2598 1112 2701 1158 erat

1619 1183 1844 1246 edictum,
1900 1191 2101 1235 mutato
2153 1184 2335 1234 ordine
2389 1183 2701 1246 dictionum,

1623 1258 1754 1310 Lov.
1786 1264 1839 1310 4.
1908 1262 2182 1312 Praeterea
2210 1266 2433 1312 canentes
2470 1260 2623 1310 Leid.
2649 1265 2700 1310 1,

1622 1335 1818 1387 Lov,2.
1839 1345 1896 1388 et
1921 1337 2071 1388 Harl.
2087 1343 2134 1387 1.
2157 1337 2294 1401 quod
2317 1344 2373 1387 et
2394 1339 2446 1385 in
2471 1338 2627 1387 Voss.
2652 1340 2698 1385 1.

1623 1425 1721 1475 pro
1763 1413 1910 1462 varia
1952 1414 2184 1464 lectione
2227 1413 2556 1475 adscriptum
2602 1422 2701 1465 est.

1627 1487 1887 1551 Rapientes
1907 1489 2058 1541 Harl.
2071 1493 2123 1540 2.
2166 1491 2335 1542 Quam
2353 1491 2514 1538 etiam
2535 1489 2703 1539 varie-

1625 1571 1790 1614 tatem
1814 1566 2054 1616 lectionis
2077 1581 2219 1630 saepe
2243 1568 2295 1615 in
2320 1568 2452 1617 Mss.
2491 1566 2703 1617 obviam

1621 1655 1756 1702 esse,
1776 1642 2063 1692 videbimus
2086 1644 2183 1693 boc
2206 1642 2297 1692 lib.
2321 1643 2387 1692 ad
2412 1658 2459 1692 c·
2482 1646 2568 1691 23.
2595 1644 2627 1705 §
2651 1649 2702 1692 ⁶.

1622 1718 1912 1782 Vulgatum
1931 1733 2034 1770 non
2053 1720 2352 1770 mutandum
2371 1728 2524 1783 puto.
2562 1725 2578 1747 ⁶
2593 1718 2702 1770 Ra-

1624 1808 1749 1857 pere
1786 1795 1958 1845 arma'
1993 1803 2050 1846 et
2093 1797 2107 1823 ‘
2132 1804 2286 1859 rapta
2327 1793 2509 1848 arma’
2554 1793 2699 1859 apud

1623 1870 1912 1933 scriptores
1926 1885 2070 1934 saepe
2086 1871 2395 1921 obcurrnm.
2425 1869 2564 1926 Vide
2579 1885 2700 1935 quae

1622 1946 1804 1995 notavi
1821 1947 1888 1996 ad
1909 1947 2023 1997 Silii
2049 1962 2101 1997 v.
2124 1951 2207 1997 97.
2275 1948 2475 1996 Verum
2502 1946 2702 1998 indicat

1624 2022 1929 2087 plerumque
1968 2023 2181 2080 locutio,
2221 2032 2439 2089 propter
2481 2023 2698 2087 necopi-

1622 2107 1802 2148 natum
1845 2100 2010 2152 hostis
2066 2100 2346 2151 adventum
2404 2106 2500 2149 aut
2544 2101 2696 2151 sliam

1621 2189 1859 2226 caussam
1881 2191 2077 2230 summa
2100 2176 2436 2230 festinatione
2456 2192 2604 2228 arma
2622 2179 2696 2226 in-

1623 2251 1801 2301 duere.
1866 2254 1946 2303 Ea
1968 2255 2107 2304 enim
2134 2256 2295 2306 verbo
2319 2256 2335 2284 ⁶
2353 2255 2569 2319 rapere'
2595 2254 2695 2318 sig-

1621 2327 1856 2379 nificatio
1888 2327 2001 2380 fere
2041 2331 2233 2395 ubique
2271 2334 2426 2388 inest,
2452 2339 2511 2381 ut
2546 2337 2695 2381 notet

1624 2407 1818 2472 aliquid
1841 2409 2088 2459 celeriter
2110 2410 2245 2459 fieri.
2306 2409 2411 2459 Sed
2445 2409 2548 2459 hoc
2582 2410 2695 2459 loco

1622 2486 1836 2547 milites,
1878 2486 2308 2552 quemadmodum
2351 2494 2508 2536 antea
2552 2486 2694 2537 edic-

1623 2569 1735 2610 tum
1779 2561 1976 2624 fuerat,
2024 2577 2167 2612 arma
2213 2561 2518 2626 capiebant,
2556 2561 2693 2626 qnod

1624 2639 1897 2688 commodo
1915 2654 2007 2689 suo
2039 2637 2235 2688 fecere.
2305 2640 2480 2701 Supra
2502 2652 2594 2688 ιιι.
2612 2641 2695 2687 66.

1623 2715 1640 2742 ⁴
1663 2713 1747 2763 Ad
1771 2729 1987 2778 quarum
2009 2715 2230 2778 primum
2255 2716 2559 2778 strepitum,
2594 2715 2694 2764 vel-

1625 2796 1685 2840 ut
1715 2791 1863 2853 signo
1896 2799 2140 2854 accepto,
2163 2806 2307 2840 arma
2328 2806 2524 2854 cepere
2542 2790 2696 2855 AEqui

1625 2873 1682 2916 et
1724 2867 1939 2917 Volsci.'
2004 2882 2088 2918 tx.
2128 2872 2212 2919 43.
2259 2867 2459 2917 ‘Arma
2500 2874 2694 2933 capere

1616 2943 1775 3007 jussis
1809 2945 2059 2994 militibus
2096 2945 2322 2994 bostium
2354 2946 2522 2994 aciem
2557 2946 2698 2994 inva-

1625 3020 1741 3071 dit!
1792 3034 1916 3070 xxi.
1938 3024 2020 3071 43.
2044 3030 2060 3053 ‘
2076 3021 2253 3085 Agite,
2274 3036 2395 3079 cum,
2421 3023 2697 3073 Diis.bene

1614 3097 1922 3160 juvantibus
1964 3113 2108 3148 arma
2145 3100 2321 3162 capite
2340 3097 2374 3148 ι’
2408 3100 2508 3149 boc
2531 3099 2627 3150 lib.
2650 3113 2697 3148 c.

1625 3177 1676 3223 7.
1709 3172 2004 3223 ‘Turbatas
2049 3173 2268 3224 militum
2314 3183 2524 3224 mentes
2566 3190 2696 3236 esse,

1625 3251 1859 3314 segniter
1881 3265 2027 3300 arma
2060 3249 2252 3314 capta.'
2320 3251 2485 3300 Silius
2508 3265 2597 3300 tx.
2618 3256 2695 3300 56.

1625 3335 1641 3358 ‘
1661 3326 1724 3376 In
1760 3342 1960 3392 pugnas
1987 3327 2184 3377 Fabius
2208 3342 2572 3394 quoscumque
2609 3329 2699 3379 sub

1625 3402 1727 3452 illis
1751 3403 1985 3467 Culpatis
2009 3403 2161 3453 duxit
2181 3404 2362 3466 signis,
2389 3418 2534 3454 nunc
2559 3418 2699 3454 arma

1627 3478 1950 3544 capessunt.’
2018 3493 2129 3531 ιιι.
2165 3483 2280 3530 168.
2315 3479 2331 3506 ‘
2355 3479 2542 3537 Arma,
2587 3496 2700 3531 crn-

1626 3562 1777 3606 entus
1792 3555 1980 3605 Hostis
2010 3555 2180 3610 adest,
2203 3556 2376 3620 capite
2402 3571 2571 3620 arma,
2594 3558 2701 3618 viri,

1627 3633 1944 3697 clamatque,
1998 3633 2245 3697 capitque
2264 3649 2280 3681 ε
2298 3631 2313 3653 ’
2383 3633 2459 3682 ita
2516 3635 2698 3699 optimi

1625 3707 1917 3772 praeferunt
1952 3710 2160 3772 scripti,
2192 3722 2312 3769 non,
2335 3717 2394 3757 ut
2425 3710 2553 3759 olim
2579 3710 2698 3760 ede-

1628 3785 1802 3848 batur,
1837 3785 1994 3850 repite
2037 3798 2211 3842 armen
2249 3786 2486 3848 quamvis
2530 3793 2697 3835 tamen

1626 3860 1697 3911 ibi
1745 3862 1940 3913 milites
1986 3862 2235 3911 celeriter
2280 3875 2426 3909 arma
2468 3861 2696 3911 induisse

1625 3936 1768 3987 locus
1792 3945 1977 4000 aperte
2004 3936 2266 3985 ostendat.

1689 4016 1718 4078 §
1741 4019 1773 4063 8
1803 4015 1991 4064 Nostra
2011 4011 2215 4062 victoria
2236 4016 2326 4071 est,
2343 4011 2388 4058 si
2409 4011 2496 4074 qui
2510 4012 2695 4062 Diiou-

1623 4097 1785 4156 usque
1802 4107 1961 4141 eorum
1979 4091 2031 4139 in
2039 4090 2266 4149 futurum
2284 4089 2477 4153 videat]
2513 4091 2692 4142 Scribe

1621 4169 1670 4218 si
1687 4170 1804 4233 quid
1824 4169 1918 4218 Dii
1943 4173 2168 4230 vatesque
2196 4180 2357 4215 eornm
2390 4166 2444 4215 in
2469 4166 2692 4227 fatum

1621 4247 1800 4296 vident.
1834 4245 2009 4297 Rhen
2078 4241 2199 4293 Ita
2175 4256 2287 4305 Jam
2305 4239 2506 4290 editum
2523 4241 2689 4293 fuerat

1624 4321 1866 4374 venetiis
1890 4323 2038 4374 1498.
2066 4316 2355 4371 Mediolani
2382 4320 2530 4369 1505.
2554 4319 2684 4383 apud
