2934 4925
766 422 832 469 τ.
882 421 1070 470 mvn
1118 422 1318 472 ms'r.
1372 424 1515 472 mn.
1561 425 1633 475 v.
1679 416 1845 475 car.
1888 409 1998 476 34.

293 561 393 625 ror]
440 562 690 627 Appooitoe
726 569 865 614 mut
900 561 1085 629 fragm.
1120 565 1259 616 Har.
1297 571 1354 615 et

291 642 413 690 Lov.
442 646 493 692 6.
538 655 570 690 e
614 656 684 689 m.
727 655 808 704 pr.
876 640 983 691 Sed
1027 643 1200 693 solent
1241 643 1353 691 baec

287 716 444 766 verba
479 715 804 766 confundere
840 716 1057 767 librarii.
1121 717 1259 767 Vide
1288 719 1352 768 ad

286 805 347 843 11.
369 797 455 841 61.
481 794 579 856 ς4.
651 793 859 843 Deinde
879 794 1035 843 inm.
1054 794 1210 843 misus
1228 795 1354 845 haud

282 885 350 932 eq.
375 869 530 919 miror
553 869 767 919 Lem-2.
830 869 1100 921 Praeterea
1121 871 1351 935 inam·

281 944 461 996 nabiles
493 946 620 996 edd.
646 954 768 996 ante
790 945 1001 1005 Aidnm,
1022 948 1108 1011 qui
1131 949 1350 1000 aiterum

283 1023 506 1086 recepit,
525 1023 920 1073 concinentibus
939 1023 1175 1074 omnibus
1187 1026 1349 1091 serip-

286 1098 368 1147 tis.

341 1173 500 1222 Nulla
519 1174 633 1223 dnm
652 1173 887 1236 „taam
902 1174 1090 1238 quidem
1105 1177 1350 1228 continu

277 1239 503 1299 anemos-h
522 1250 608 1310 sit,
627 1249 724 1299 nisi
743 1252 803 1300 de
826 1251 1228 1312 Herculesebulis
1244 1270 1347 1305 ere·

277 1327 386 1375 dere
419 1326 557 1389 libet,
590 1329 863 1392 superata]
903 1330 1016 1392 Ego
1051 1346 1346 1394 germanam

254 1401 432 1465 [hujus
469 1403 573 1452 loci
607 1404 886 1454 lectionem
920 1419 1034 1454 eam
1067 1420 1183 1456 esse
1209 1409 1347 1458 exis·

278 1477 424 1541 timo,
463 1493 580 1541 quae
615 1479 670 1528 in
706 1480 892 1544 priscis
934 1481 1133 1546 aliquot
1172 1498 1346 1534 exem·

277 1554 511 1618 pleribus
569 1563 651 1606 est
706 1556 960 1620 ejusmodi
984 1574 1001 1607 ε
1052 1561 1184 1610 nulla
1234 1563 1347 1612 dass

272 1632 353 1681 via
384 1631 536 1695 (quod
571 1633 759 1696 quidem
778 1634 1022 1684 continens
1042 1638 1142 1687 ulle
1176 1653 1348 1689 meno·

272 1708 351 1756 ria
362 1707 461 1771 sit)
477 1709 574 1756 nisi
593 1708 654 1757 ab
670 1708 879 1760 Hercule
893 1710 1149 1775 (sisebutis
1157 1717 1347 1765 eredere

273 1783 418 1845 libet)
454 1791 734 1849 superatas.-
786 1789 864 1839 ita
902 1795 962 1837 ut
1004 1789 1140 1839 bane
1180 1796 1345 1843 totam

275 1862 596 1911 sententiam
631 1860 750 1912 dna
795 1863 1134 1927 parentheses
1182 1866 1344 1917 incin-

258 1935 424 1986 ·dant.
488 1938 762 1987 Praetereo
783 1939 955 1989 maiim
976 1941 1130 1991 etiam
1163 1957 1253 2005 quo
1285 1936 1343 1994 de

270 2014 481 2076 quidem,
504 2029 658 2078 quam
693 2016 817 2078 quod
844 2016 1046 2078 quidem,
1068 2026 1126 2068 ut
1147 2019 1218 2068 sit
1236 2020 1344 2071 ele·

270 2104 402 2152 gans
424 2099 480 2140 et
516 2091 712 2141 usitata
745 2091 1015 2142 verborum
1053 2101 1341 2159 transgres-

267 2168 368 2216 sio.
404 2166 579 2228 Sigon.
645 2169 718 2217 Et
741 2175 905 2218 totum
931 2170 1077 2226 iliud,
1103 2174 1236 2236 qnod
1259 2174 1342 2224 bie

267 2241 430 2293 affert
473 2257 505 2292 e
542 2244 726 2308 priscis
763 2248 1148 2310 exemplaribus
1191 2251 1341 2314 Sigo-

267 2319 411 2383 nius,
427 2321 801 2385 spernendum,
819 2330 873 2372 et
892 2323 1122 2386 inprimis
1136 2329 1345 2392 conjec-

269 2403 396 2445 tura
426 2410 520 2460 quo
550 2397 610 2445 de
639 2399 841 2460 quiden.
908 2400 1030 2449 Non
1062 2401 1340 2455 adsecutus

267 2480 352 2522 est
374 2474 460 2523 vir
484 2475 814 2525 doctissimus
850 2474 1067 2540 figuram
1099 2481 1241 2531 iiiam
1266 2482 1343 2532 lo·

267 2549 466 2612 quendi
502 2553 518 2578 ‘
538 2550 680 2613 quod
713 2555 962 2603 memorie
998 2555 1109 2617 sit,’
1140 2571 1236 2621 pro
1278 2572 1341 2608 eo

268 2628 409 2691 quod
451 2625 651 2677 factum
688 2644 802 2681 esse
837 2634 1084 2683 memoria
1112 2635 1201 2685 sit.
1266 2637 1342 2686 Ut

268 2717 358 2752 111.
383 2708 470 2755 13.
508 2712 523 2734 ⁸
541 2705 824 2757 Premebat
846 2721 992 2758 renm
1016 2720 1212 2773 proeter
1232 2714 1341 2763 vni-

269 2786 448 2842 gntam
475 2780 725 2832 iuvidiam
756 2784 953 2835 crimen
989 2801 1167 2849 unum,
1202 2789 1340 2853 quod

268 2856 347 2907 M.
368 2858 619 2910 Volscius
650 2859 824 2910 Fictor
855 2861 1002 2912 testis
1024 2864 1343 2917 exstiterat.'

268 2934 428 2994 Quod
476 2934 758 2985 admissum
793 2950 928 2998 esse,
971 2940 1123 2990 testis
1167 2939 1343 2991 fuerat

267 3010 533 3060 Volscius.
582 3011 781 3062 Eodem
806 3013 1033 3078 lib.cap.
1056 3019 1135 3065 10.
1172 3017 1342 3069 ‘Quia

269 3085 320 3135 id
338 3086 477 3139 fides
494 3087 685 3137 abierit
700 3087 738 3139 ε’
770 3090 822 3139 id
844 3097 944 3146 est,
969 3091 1021 3140 id
1040 3090 1237 3143 factum
1259 3109 1341 3145 es·

266 3177 341 3212 se.
394 3175 524 3213 xxs.
555 3168 634 3213 lo.
680 3164 787 3214 ‘Et
820 3166 872 3215 id
913 3167 985 3216 de
1026 3182 1129 3232 qno
1154 3169 1340 3219 ,verbis

266 3238 655 3302 ambigebatur,
679 3247 799 3291 uter
820 3244 1042 3306 populus
1066 3243 1234 3295 foedus
1257 3260 1342 3295 ru·

269 3314 460 3376 pisset,
481 3323 704 3366 eventus
727 3316 871 3376 beni,
895 3319 1039 3369 velut
1062 3335 1242 3384 aequus
1253 3321 1341 3385 ju·

268 3391 394 3451 dex,
426 3391 567 3440 uude
606 3393 698 3455 jus
745 3395 939 3458 stabat,
982 3397 1034 3445 ei
1068 3398 1338 3449 victoriam

269 3464 459 3518 dedit!
496 3480 669 3518 xxm.
694 3472 775 3519 16.
806 3476 822 3499 ‘
847 3471 948 3521 Vix
980 3473 1225 3537 equidem
1249 3489 1339 3524 eu·

271 3543 367 3593 sim
391 3540 672 3608 affirmare,
693 3546 832 3608 qnod
855 3547 1067 3610 quidam
1097 3555 1340 3600 auetooes

271 3620 430 3672 snnt.'
478 3634 623 3673 xxx·
662 3627 747 3672 26.
779 3622 795 3651 ‘
817 3622 1081 3688 Augurem
1122 3627 1252 3676 duos
1284 3634 1341 3677 et

274 3698 553 3761 sexaginte
575 3712 737 3748 anuos
760 3697 934 3763 fuisse,
966 3699 1104 3765 quod
1128 3701 1340 3766 quidam

272 3785 520 3825 auctores
542 3774 700 3825 sunt?
748 3776 850 3827 Vel
866 3776 1026 3826 etiam
1061 3784 1076 3805 ‘
1096 3779 1342 3827 memoria

271 3850 363 3909 id:
386 3853 402 3880 ‘
425 3851 578 3902 testis
596 3850 690 3915 id‚’
715 3854 731 3880 ‘
748 3851 880 3902 fides
904 3852 997 3916 id‚’
1031 3853 1220 3917 ‘judex
1247 3854 1341 3917 id‚’

269 3928 285 3955 ⁸
306 3934 491 3977 auctor
513 3924 608 3981 id,’
641 3933 722 3977 eat
745 3927 858 3991 ejus
881 3929 975 3977 rei.
1043 3929 1265 3980 Plautus
1287 3931 1339 3980 in

272 4003 509 4065 Captivis
527 4015 621 4051 ιιι.
638 4006 688 4052 4.
710 4006 791 4052 81.
814 4010 829 4031 ·
845 4003 1079 4067 Gerriet‚
1097 4005 1235 4071 qnod
1251 4020 1338 4055 ue·

272 4092 372 4141 qne
390 4092 484 4140 pes
508 4092 738 4142 unquam
762 4093 929 4143 neque
947 4088 1108 4144 caput
1130 4095 1340 4145 compe-

275 4153 438 4204 reatt’
474 4155 565 4203 ubi
605 4169 878 4219 perperam
914 4157 1193 4207 Lambinus
1231 4173 1342 4220 quo,

279 4227 694 4291 Acideiius·quoi
725 4230 954 4280 voluere.
1022 4234 1235 4297 Eilipsis
1259 4241 1341 4283 est

270 4306 663 4372 propositionis
691 4306 778 4357 Aa
813 4308 894 4359 vel
918 4308 996 4358 In.
1060 4310 1340 4360 Terentius

2311 413 2486 479 7701

1430 566 1595 618 Andr.
1619 581 1708 618 nr.
1731 572 1783 618 2.
1803 573 1888 618 42.
1934 575 1949 597 ⁸
1969 568 2040 618 Et
2073 562 2125 617 id
2153 581 2309 632 spero
2340 570 2486 633 adju-

1426 649 1568 692 tores
1587 644 1765 695 Deos.’
1794 646 1852 694 J.
1874 646 1935 695 F.
1954 646 2106 695 Gron.
2174 646 2371 696 Priscis
2394 661 2487 697 ex·

1426 719 1745 782 emplaribus
1767 721 1962 784 Sigouii
1995 721 2488 773 consentiunt‘meo·

1425 808 1538 844 rum
1588 796 1742 847 Heri.
1786 801 1837 847 2.
1883 796 2031 848 Port.
2076 798 2204 847 Lov.
2248 802 2298 847 2.
2340 803 2393 849 4.
2436 805 2488 849 5.

1425 870 1648 921 Geertn.
1662 880 1719 923 et
1741 872 1880 923 Hav-
1894 873 2115 924 Hesrnii
2133 873 2294 927 etiem
2310 873 2484 925 Oxou.

1423 945 1487 996 C.
1519 947 1616 996 nisi
1652 946 1791 1012 qnod
1825 948 1877 998 in
1911 948 2092 1013 paucis
2114 949 2308 1000 abeant
2329 951 2381 999 in
2404 951 2485 1000 di·

1425 1036 1590 1072 versa.
1630 1024 1769 1074 Nem
1788 1023 1849 1074 τὸ
1867 1028 1990 1088 quaa
2010 1025 2160 1075 deest
2181 1025 2232 1074 in
2256 1026 2483 1076 Gsertn.

1419 1099 1613 1148 Verum
1635 1099 1688 1149 id
1706 1100 1916 1151 videtur
1935 1115 2035 1150 vox
2057 1114 2280 1165 sequens
2297 1103 2484 1166 qsts'dem

1420 1174 1784 1241 intercepisse.
1807 1178 1950 1228 Hinc
1961 1178 2255 1240 muniens,
2267 1193 2360 1241 pro
2373 1194 2485 1228 eons-

1418 1251 1597 1313 tineus,
1612 1254 1760 1303 estin
1774 1255 1962 1305 Lov.2.
1995 1255 2125 1303 Tum
2140 1256 2286 1315 ιιιῑὶιι,
2303 1269 2397 1317 pro
2409 1256 2483 1303 al-

1419 1326 1487 1389 la,
1499 1331 1640 1379 estin
1659 1330 1848 1381 LovA·
1867 1331 1973 1381 Sed
1990 1332 2174 1381 Lomo-
2193 1339 2248 1380 et
2262 1331 2482 1381 Gaertn.

1419 1418 1522 1454 nou
1559 1415 1848 1470 agnoscunt
1877 1407 1939 1457 τὸ
1968 1409 2065 1458 ulla
2099 1423 2131 1456 a
2162 1408 2372 1470 Sigonio
2404 1408 2480 1457 in·

1421 1484 1756 1545 terpositum.
1824 1484 2032 1533 Deinde
2066 1485 2125 1533 de
2148 1483 2358 1533 Herc-ze
2377 1498 2487 1534 ser·

1421 1568 1511 1607 vet
1548 1559 1697 1611 Harl.
1729 1565 1782 1611 2.
1813 1561 1875 1611 ab
1898 1561 2133 1612 Hercules
2164 1561 2322 1612 hebet
2345 1563 2482 1613 Her.

1420 1635 1607 1685 ultima
1645 1637 1801 1687 litera
1840 1638 1983 1687 vocis
2025 1637 2261 1687 Hercules
2296 1651 2483 1701 perpe·

1421 1724 1530 1760 ram
1557 1714 1787 1776 repetite
1807 1728 1873 1763 ex
1901 1714 2067 1777 prima
2084 1714 2308 1763 inmissa
2325 1727 2479 1763 vocu-

1421 1786 1487 1836 1ae
1512 1788 1558 1837 si
1572 1805 1593 1847 ,·
1625 1788 1691 1840 de
1715 1806 1817 1855 qno
1841 1804 2018 1840 errore
2042 1789 2162 1839 vide
2181 1788 2247 1838 sd
2270 1802 2481 1839 xxvur.

1418 1866 1502 1912 25.
1538 1867 1567 1929 ς
1606 1869 1658 1915 2.
1731 1867 1975 1931 Denique
2004 1867 2193 1915 credere
2223 1865 2480 1926 licet,·pro

1417 1955 1488 1992 cr.
1536 1941 1671 2005 libet,
1707 1943 1849 1994 Her.
1883 1957 2001 2008 que
2037 1942 2197 1991 verbs
2231 1955 2480 1990 nonnum·

1393 2045 1396 2048 ·
1419 2033 1573 2082 qnam
1598 2020 1652 2069 in
1674 2020 1985 2071 membranis
2014 2019 2243 2083 antiquis
2266 2015 2480 2067 confun-

1418 2093 1471 2143 di
1494 2097 1681 2145 solent.
1729 2097 1864 2146 Vide
1880 2096 1945 2146 ad
1964 2109 2102 2145 xxv·
2124 2098 2209 2144 88.
2228 2097 2258 2159 ξ
2276 2098 2325 2143 4.
2379 2093 2479 2143 Ce-

1417 2176 1587 2221 terum
1630 2179 1778 2223 recte
1811 2173 1840 2222 ὅ
1877 2170 2003 2223 πάνυ
2035 2171 2329 2225 Gronovius
2369 2170 2480 2218 vul-

1415 2255 1588 2312 gat-m
1624 2249 1898 2300 lectionem
1931 2246 2481 2310 edversnssigonium

1416 2330 1617 2386 tuetur,
1658 2340 1877 2390 eamque
1920 2331 2226 2376 constanter
2266 2322 2481 2373 firmant

1415 2399 1740 2464 integerrimi
1774 2416 2006 2453 meorum
2041 2400 2301 2456 codicum,
2333 2407 2394 2449 ut
2424 2404 2483 2448 et

1413 2477 1505 2525 alii
1528 2486 1723 2539 prater
1756 2479 1994 2543 superius
2024 2483 2357 2532 memoratum
2380 2475 2481 2526 nisi

1415 2553 1554 2616 qnod
1600 2555 1844 2617 eminus,
1888 2569 1985 2618 pro
2023 2553 2289 2613 contineas,
2324 2559 2382 2610 et
2420 2554 2481 2604 ds

1418 2627 1624 2678 Herculi
1635 2629 1824 2690 sabulis
1843 2633 2032 2681 eredere
2052 2630 2119 2678 sit
2145 2631 2197 2677 iu
2223 2629 2361 2678 Fior.
2384 2627 2478 2680 sed

1415 2705 1673 2766 posterius
1697 2720 1728 2755 a
1750 2720 1820 2755 m.
1843 2720 1949 2755 sec.
1980 2706 2040 2753 de
2065 2703 2481 2763 Herculissabulis

1415 2782 1606 2830 eredere
1628 2781 1682 2830 in
1703 2782 1834 2831 Lov.
1859 2786 1907 2831 1.
1925 2782 2075 2830 Voss.
2098 2785 2145 2829 1.
2167 2789 2223 2828 et
2255 2780 2402 2830 Leid.
2426 2784 2477 2831 2.

1418 2858 1601 2923 Neque
1624 2872 1656 2907 a
1677 2859 1888 2921 vulgato
1911 2858 2076 2908 ferme
2097 2856 2373 2907 discedunt
2389 2872 2477 2907 ve*-

1420 2936 1670 2985 tustiores
1692 2936 1813 2986 edd.
1835 2949 1998 3000 usque
2016 2935 2081 2984 ed
2096 2934 2480 2986 Mediolanens.

1419 3015 1567 3061 1495.
1608 3026 1725 3076 qna
1768 3012 1820 3061 ei
1853 3026 1948 3075 pro
1991 3011 2074 3059 oia
2113 3008 2259 3059 dedit
2281 3024 2298 3070 ς
2337 3008 2477 3059 idem

1417 3087 1579 3136 etiam
1620 3087 1734 3137 aliis
1778 3087 2036 3137 nonnuliis
2089 3085 2481 3149 recipientibus,

1416 3164 1562 3227 cujus
1585 3164 1698 3214 ioco
1721 3171 1864 3214 recte
1889 3162 2167 3213 Ascensius
2195 3163 2307 3226 jam
2332 3166 2480 3212 1⁶1⁰.

1417 3240 1500 3290 oia
1519 3241 1767 3291 restituit.
1829 3240 1893 3290 In
1917 3254 1981 3290 eo
2005 3245 2177 3289 tamen
2199 3237 2481 3288 discedunt

1418 3315 1567 3365 Rom.
1592 3320 1736 3366 1472.
1760 3324 1816 3367 et
1832 3316 2011 3366 Parm.
2032 3313 2169 3379 quod
2192 3312 2480 3377 praeferant

1415 3394 1538 3455 qnod
1580 3394 1769 3455 quidem
1820 3393 2068 3441 continens
2104 3391 2342 3440 umrioe
2392 3392 2479 3447 sit,

1415 3469 1674 3533 quomodo
1697 3469 1825 3519 Ant.
1845 3466 2143 3518 Perizonius
2169 3467 2220 3516 iu
2247 3468 2479 3531 margine

1416 3547 1748 3597 scribendum
1770 3547 2017 3610 conjecit,
2042 3545 2251 3607 adjecto
2271 3544 2479 3607 conjec-

1416 3629 1552 3673 turae
1573 3622 1841 3672 firmandae
1867 3624 1980 3672 ioco
2004 3621 2136 3670 Livii
2167 3634 2233 3668 ex
2268 3620 2365 3668 boc
2385 3617 2477 3668 lib.

1416 3713 1474 3750 v,
1495 3714 1543 3748 e.
1563 3703 1647 3749 89.
1680 3700 2005 3762 ‘Timorique
2029 3704 2285 3760 perpetuo
2306 3697 2477 3758 ipsam

1415 3776 1606 3825 melum
1630 3777 1900 3826 continens
1922 3772 2061 3823 fuit.'
2110 3772 2304 3828 Verum
2339 3774 2479 3821 ‘ma-

1416 3854 1521 3901 lum
1546 3851 1649 3901 fuit
1667 3853 1940 3902 continens
1964 3846 2160 3899 timori’
2195 3855 2347 3896 notat
2369 3861 2479 3897 ma·

1416 3929 1522 3979 lum
1541 3931 1777 3993 proxime
1794 3932 2027 3977 secutum
2043 3923 2208 3974 fuisse
2226 3925 2480 3980 timorem,

1416 4005 1557 4056 inter
1578 4006 1768 4054 msinm
1790 4012 1846 4054 et
1871 4003 2108 4053 timorem
2133 4000 2328 4050 nullum
2351 3998 2490 4050 fuis-

1415 4096 1473 4131 se
1514 4082 1877 4141 intervalinm3
1909 4092 2011 4144 quo
2043 4091 2197 4128 sensu
2231 4076 2330 4128 boc
2364 4077 2479 4126 ioco

1413 4159 1430 4187 ‘
1446 4172 1532 4207 res
1556 4158 1832 4207 continens
1861 4155 2122 4205 memorie
2144 4152 2160 4175 '
2190 4151 2362 4215 accipi
2386 4164 2477 4200 ue-

1416 4233 1548 4297 quit.
1618 4232 1813 4281 Eadem
1859 4245 2022 4295 opera
2063 4230 2221 4279 etiam
2265 4227 2478 4277 laudare

1417 4312 1677 4375 potuisset
1708 4309 1833 4359 iilud
1861 4308 1998 4359 Livii
2030 4320 2158 4357 xnv.
2190 4309 2274 4355 29.
2309 4305 2323 4331 ‘
2345 4306 2475 4353 Dar-
