2934 4925
446 434 621 503 ’7598

448 593 646 643 mendo
669 590 862 652 forsan,
894 589 1017 652 qud
1036 587 1131 637 Dii
1160 587 1289 637 inunt.
1322 588 1503 638 excusi

451 656 616 733 usque
640 667 707 717 ad
729 665 940 727 Aldmn,
974 664 1065 729 qui
1094 664 1364 729 vulgatum
1396 664 1505 729 pri-

450 763 564 799 mns
586 745 807 809 recepit.
871 744 998 809 Ejus
1029 752 1202 792 antem
1225 742 1503 793 lectionem

448 826 656 876 firmant
677 822 832 873 codd.
857 821 1059 885 scripti.
1104 820 1200 890 *Di
1221 821 1337 869 inm.
1365 821 1502 870 Flor.

448 901 586 952 Vide
608 899 673 950 ad
698 914 812 962 esp.
837 911 994 960 praee.
1017 899 1046 961 ς
1067 900 1117 946 4.
1181 897 1309 945 Mox
1328 895 1504 961 fando,

450 992 544 1042 pro
565 976 774 1042 effando,
798 976 926 1023 LoV.
948 979 999 1022 5.

511 1055 540 1119 §
575 1057 635 1102 11
671 1051 756 1100 Sic
773 1050 928 1112 igitar
943 1048 1349 1111 librisfotab'bus]
1384 1048 1502 1104 His,

447 1130 531 1180 vel
573 1128 713 1190 fiiis,
755 1128 838 1175 vel
880 1125 972 1174 Eis
1006 1124 1161 1185 igitur
1191 1125 1329 1173 libris
1366 1125 1504 1175 Flor.

446 1207 602 1256 Voss.
623 1211 862 1267 uterque,
882 1202 1023 1251 [aeid.
1047 1208 1287 1265 uterque,
1307 1203 1435 1251 Lov.
1451 1206 1501 1250 1.

446 1286 555 1332 23.
569 1286 619 1331 4.
631 1280 781 1329 Harl.
794 1279 843 1328 1.
857 1278 1076 1345 Gaertn.
1092 1276 1281 1344 fragm.
1294 1277 1433 1327 Hav.
1444 1286 1503 1328 et

446 1358 761 1410 vetustiores
778 1355 917 1419 typis
934 1353 1203 1416 descripti.
1235 1355 1330 1403 «lus
1342 1353 1502 1415 igitur

449 1435 588 1484 libris
620 1433 774 1484 Harl.
797 1437 847 1483 2.
872 1434 1000 1482 Lov.
1026 1436 1074 1481 ⁵.
1097 1431 1249 1480 Port.
1273 1437 1330 1480 et
1363 1432 1501 1481 Har.

447 1511 613 1561 Primi
638 1509 931 1573 Moguntini
957 1508 1042 1557 Sic
1063 1507 1218 1569 igitur
1232 1507 1368 1557 libris
1389 1509 1502 1558 edi-

444 1587 656 1649 derunt,
673 1587 809 1652 quod
832 1592 977 1635 recte
992 1590 1190 1634 tantum
1207 1597 1310 1633 non
1325 1597 1502 1633 omnes

445 1671 634 1728 postea
670 1663 837 1713 secuti
879 1668 1170 1711 servarunt.
1235 1658 1383 1709 Infra
1422 1674 1504 1711 vr.

446 1743 527 1789 12.
564 1739 683 1788 ‘Sic
717 1753 895 1802 eques,
925 1738 998 1786 sie
1023 1737 1201 1800 pedes,
1225 1743 1282 1786 ut
1304 1752 1503 1802 prece-

444 1822 620 1879 perat,
635 1812 904 1880 pugnant?
954 1814 1108 1864 -Vide
1125 1814 1222 1866 boe
1245 1814 1338 1865 lib.
1354 1829 1399 1866 e.
1417 1819 1502 1865 36.

447 1893 476 1955 §
496 1896 547 1941 4.

517 1968 586 2017 Ut
614 1969 799 2031 quando
828 1982 950 2031 aquo
977 1967 1166 2018 Albano
1195 1968 1503 2032 abundasset]

448 2044 593 2094 Nihil
609 2046 859 2110 seqnitur,
874 2044 1008 2109 quod
1028 2045 1094 2094 ad
1115 2052 1169 2095 tit
1189 2044 1370 2094 referri
1390 2060 1505 2108 pos·

443 2120 546 2171 sits
570 2135 700 2169 nam
721 2120 1004 2171 abundasset
1023 2122 1253 2184 pertinet
1270 2121 1336 2171 ad
1354 2136 1501 2185 quon·

441 2199 519 2246 do.
584 2198 657 2247 Si.
673 2205 819 2248 reeta
838 2203 920 2247 est
941 2197 1219 2262 scriptura,
1240 2203 1297 2247 nt
1314 2201 1502 2261 quando

439 2272 582 2323 idem
604 2274 708 2323 erit
728 2288 790 2323 ac
822 2274 839 2302 ‘
858 2273 901 2322 si
927 2273 1171 2338 quando,’
1204 2275 1286 2324 vel
1307 2273 1323 2302 6
1340 2289 1502 2339 quan·

443 2348 772 2415 donumque?
835 2350 940 2401 Sed
981 2350 1080 2401 hoc
1117 2351 1343 2401 nondum
1377 2352 1502 2401 alibi

442 2425 640 2479 inveni.
694 2428 804 2478 Cic.
825 2426 893 2478 de
911 2427 1091 2478 Divin.
1116 2442 1180 2478 ιι.
1203 2432 1284 2479 32.
1309 2441 1404 2492 pro
1422 2443 1504 2492 eo,

443 2502 582 2568 quod
618 2502 702 2552 bic
728 2510 811 2554 est
840 2509 895 2553 ut
921 2505 1123 2571 quando,
1156 2505 1287 2556 dicit
1306 2506 1371 2556 si.
1406 2507 1423 2536 ‘
1441 2507 1501 2556 si

443 2581 589 2630 lacus
612 2580 843 2630 Albanus
879 2580 1244 2644 redundasset,
1270 2582 1417 2647 isque
1447 2584 1502 2633 in

442 2670 588 2706 mare
608 2654 866 2720 fluxisset,
886 2657 1097 2706 Romam
1118 2657 1398 2722 perituram
1415 2674 1431 2720 ς
1455 2659 1501 2709 si

441 2746 713 2796 repressus
747 2738 910 2793 esset,
938 2730 1131 2782 Veios?
1195 2732 1334 2784 Quid
1359 2734 1428 2784 sit
1449 2734 1501 2785 in

443 2807 543 2858 hac
561 2822 617 2857 re
638 2808 908 2857 ‘emittere
924 2805 938 2828 '
961 2821 1112 2858 nemo
1126 2808 1344 2872 ignorat.
1380 2811 1501 2860 Stu-

442 2899 539 2949 por
569 2884 757 2937 Pitisci
785 2889 958 2934 tamen
982 2884 1034 2933 in
1053 2885 1200 2935 Suet.
1224 2885 1361 2935 Caes.
1384 2900 1501 2950 esp.

441 2966 525 3013 44.
557 2963 573 2990 6
592 2963 925 3020 Destinabat,
950 2964 1048 3012 ὅτε.
1083 2963 1325 3012 emittere
1347 2963 1501 3014 Fuci-

445 3053 567 3088 num
600 3038 807 3101 laeum‚’
840 3039 935 3088 hoe
975 3039 1128 3089 modo
1161 3040 1499 3104 interpretari

443 3114 648 3178 potuit3
682 3119 697 3144 ‘
718 3129 785 3163 ex
819 3129 883 3164 eo
915 3129 1100 3178 aquam
1136 3116 1350 3166 Romam
1381 3131 1500 3180 per-

443 3189 674 3240 ducere:
739 3191 969 3240 Multum
1005 3190 1253 3241 debemus
1287 3192 1499 3252 bomini,

444 3267 535 3332 qui
571 3282 662 3316 nos
700 3266 898 3327 docuit,
929 3266 1026 3316 hoc
1047 3266 1208 3317 fuisse
1230 3269 1500 3320 eonsilium

444 3343 686 3400 Caesaris,
731 3350 786 3392 et
831 3342 848 3370 ‘
864 3342 1109 3393 emittere
1150 3345 1318 3395 lacum
1336 3345 1352 3367 ’
1386 3361 1500 3398 esse

384 3436 389 3439 -
444 3432 513 3469 ex
527 3433 591 3468 eo
611 3434 795 3484 aquam
816 3419 1030 3469 Romam
1055 3419 1359 3484 perducere.
1391 3423 1501 3473 Ali-

445 3503 528 3543 ter
545 3509 660 3553 eum
678 3496 866 3545 docere
881 3504 1162 3560 potuerant
1183 3499 1297 3548 loca
1315 3496 1424 3550 Cic.
1443 3507 1500 3551 et

443 3572 761 3636 From-,qim
798 3572 909 3635 ipse
941 3570 1131 3622 adfert.
1196 3572 1349 3631 Adde
1387 3577 1499 3626 Cic.

439 3647 510 3704 :de
530 3648 708 3701 Diviu.
730 3661 771 3697 1.
792 3651 875 3699 44.
910 3648 1027 3698 Val.
1045 3649 1189 3696 Max.
1209 3662 1248 3698 1.
1273 3655 1320 3699 6.
1344 3665 1427 3699 ex.
1450 3656 1499 3700 3.

443 3733 500 3775 et
531 3726 748 3787 Sueton,
768 3723 955 3775 Claud.
985 3738 1035 3775 c.
1070 3729 1154 3774 21.
1216 3725 1323 3775 Sed
1356 3726 1500 3777 vide·

444 3807 531 3851 tur
567 3810 777 3852 secutus
812 3802 1118 3851 Marcellum
1143 3802 1407 3853 Donatum
1431 3804 1498 3854 ad

444 3877 665 3945 Suetou.
686 3878 818 3928 Caes.
837 3892 885 3929 e.
905 3883 988 3929 44.
1020 3879 1160 3929 Dok.

511 3955 649 4018 Tum,
669 3955 713 4004 si
732 3969 835 4004 eom
861 3955 1100 4005 Romanus
1119 3957 1214 4007 rite
1235 3956 1497 4019 emisisset]

441 4032 671 4094 Emisset,
692 4031 903 4080 duarum
926 4032 1190 4082 literarum
1212 4034 1254 4082 t's
1276 4035 1499 4097 gemina-

442 4110 586 4159 tione
607 4108 664 4159 in
697 4107 867 4159 media
901 4121 1033 4157 voce
1066 4123 1340 4173 perperam
1372 4126 1500 4176 neg·

438 4185 603 4246 lecta,
623 4180 773 4233 Leid.
790 4187 841 4233 2.
892 4181 1031 4232 the
1054 4184 1118 4233 ad
1141 4198 1318 4235 xxxv.
1340 4189 1429 4252 ὣς
1447 4193 1497 4238 5.

442 4260 535 4311 At.
561 4260 730 4319 omnia
772 4260 884 4311 baee
930 4259 1088 4311 verba
1121 4261 1430 4312 exsulabant
1466 4278 1499 4313 a

443 4336 592 4410 Lejdo
628 4339 680 4389 2·
714 4341 772 4388 et
795 4335 925 4389 Lovs
954 4341 1004 4389 l·
1068 4336 1200 4391 MOX
1222 4341 1280 4391 de
1299 4339 1495 4401 Όίῧιθῗίῼ

1135 448 1353 498 NOTAE
1400 447 1807 498 vammum
1860 447 1943 496 nt

1578 589 1664 639 bns
1682 589 1811 647 dari,
1832 603 1928 654 pro
1949 590 2024 639 ds-
2041 579 2317 640 Veientilms
2336 589 2466 654 dori,
2483 588 2636 640 Harl.

1642 743 1911 804 Antequam
1930 740 2105 804 adflat,
2133 742 2264 792 Deos
2283 743 2452 792 moent‘o
2471 741 2636 792 Veien-

1576 818 1697 867 tium
1727 821 1995 868 deserturos
2028 832 2122 867 nott
2153 821 2275 883 esse]
2309 820 2508 868 Vocula
2543 832 2637 866 nott

1576 893 1757 943 deficit
1791 893 1846 943 iu
1877 894 2016 944 Flor.
2042 894 2193 943 Leid.
2219 899 2266 945 1.
2291 895 2417 944 Lov.
2441 898 2489 943 1.
2515 897 2564 943 8.
2585 897 2637 942 4.

1578 975 1634 1019 et
1656 970 1810 1019 Voss.
1829 975 2085 1035 utroque;
2118 971 2263 1035 quasi
2303 969 2464 1019 verba
2498 974 2637 1019 ante·

1575 1060 1714 1109 quant
1749 1045 1802 1095 id
1823 1046 1925 1111 fiat
1962 1045 2263 1111 accipienda
2302 1048 2425 1102 sint,
2446 1048 2463 1074 ‘
2489 1053 2636 1095 ante-

1575 1135 1729 1187 quam
1752 1122 1969 1171 victoria
1992 1123 2059 1172 de
2093 1121 2395 1171 Veientibus
2425 1122 2580 1171 detur
2597 1120 2636 1182 ς’

1576 1212 1731 1262 quum
1745 1197 1808 1246 iis
1824 1197 1998 1247 Livius
2013 1197 2342 1260 indicaverit,
2357 1205 2636 1261 antequam

1577 1288 1712 1339 aqua
1756 1273 1962 1324 Albana
2003 1276 2102 1325 rite
2141 1277 2445 1337 emittatur3
2496 1276 2637 1325 unde

1578 1357 1730 1415 patet
1762 1351 1819 1401 τὸ
1839 1368 1932 1402 non
1964 1354 2135 1403 omitti
2169 1369 2272 1404 non
2298 1369 2465 1418 posse,
2494 1352 2636 1419 quod

1578 1432 1734 1482 etiam
1778 1440 1924 1483 recte
1970 1435 2152 1499 reliqui
2208 1434 2360 1485 codd.
2405 1439 2638 1484 servant.

1577 1507 1848 1557 Praeterea
1875 1508 2122 1559 Veientum
2136 1516 2355 1561 vetustae
2374 1511 2497 1560 edd.
2527 1510 2639 1560 Pro

1578 1598 1680 1648 quo
1701 1584 2118 1635 Mediolanenses
2140 1601 2187 1635 ι.
2211 1591 2357 1637 1496.
2380 1588 2504 1637 inde
2526 1588 2637 1636 Ve-

1577 1661 1686 1709 neti
1711 1676 1756 1724 a.
1778 1664 1923 1711 1498.
1947 1668 2003 1712 et
2038 1670 2225 1727 postea
2252 1664 2436 1729 reliqui
2467 1663 2636 1713 Veient-

1574 1735 1697 1784 tinm
1733 1736 2060 1788 edideruntt.
2098 1753 2198 1801 qua
2240 1737 2407 1789 forma
2445 1739 2639 1802 passim

1576 1813 1751 1863 Livius
1773 1827 1892 1863 usus
1916 1823 2015 1864 est.
2069 1816 2266 1866 Eadem
2288 1815 2454 1866 forma
2479 1817 2638 1865 etism

1576 1887 1592 1916 6
1611 1890 1976 1948 Laurentium'
2015 1892 2345 1955 probavimus
2369 1906 2407 1941 ι.
2430 1895 2511 1942 14.
2533 1894 2563 1957 §
2586 1896 2638 1941 1.

1577 1971 1593 1995 6
1618 1964 1942 2016 Fidenatium
1962 1965 1976 1988 ’
2011 1967 2139 2018 ibid.
2163 1983 2211 2019 c.
2231 1972 2313 2018 27.
2336 1971 2365 2032 §
2390 1974 2439 2017 5.
2491 1968 2508 1996 6
2536 1969 2638 2019 Ca-

1577 2042 1844 2104 penatium
1861 2040 1878 2065 ’
1911 2043 2009 2093 hoe
2040 2044 2131 2093 lib.
2151 2058 2199 2094 c.
2221 2049 2304 2094 27.
2325 2046 2354 2109 ξ
2377 2049 2459 2093 10.
2494 2050 2511 2073 ⁸
2532 2043 2637 2094 Ar·

1574 2116 1805 2168 dentium
1823 2116 1839 2141 ’
1857 2132 1938 2168 xv.
1959 2122 2058 2185 ’λς
2079 2124 2131 2169 2.
2167 2124 2184 2149 6
2209 2118 2638 2170 Privernatium’

1574 2206 1679 2243 vu.
1701 2197 1780 2243 16.
1802 2196 1831 2260 §
1854 2200 1903 2244 8.
1928 2204 1984 2246 et
2004 2203 2020 2225 6
2043 2195 2336 2247 Antiatium
2352 2195 2368 2218 ’
2398 2209 2530 2246 vlu.
2552 2200 2632 2246 14.

1575 2271 1604 2335 §
1629 2275 1707 2320 12.
1728 2271 1818 2321 ubi
1839 2273 1994 2322 etiam
2014 2275 2101 2324 alii
2122 2272 2406 2336 praeferunt
2420 2274 2635 2323 Lam-en·

1573 2352 1690 2407 nvn,
1738 2347 2038 2405 Fidenam,
2093 2349 2403 2411 Capenatem,
2446 2346 2638 2398 Ardea·

1572 2427 1696 2488 tum,
1737 2424 2120 2482 Privernatium·
2140 2425 2415 2475 Antt'otum.
2496 2424 2636 2474 Vide
2689 2470 2697 2477 .

1574 2502 1733 2552 etiam
1758 2503 1826 2553 ad
1864 2516 1925 2553 u.
1946 2508 1996 2553 8.
2018 2505 2047 2569 §
2068 2508 2119 2553 6.
2165 2500 2316 2552 Infra
2339 2502 2436 2553 hoe
2469 2502 2561 2553 lib.
2586 2518 2635 2553 c.

1573 2581 1656 2628 21.
1678 2580 1707 2644 §
1727 2582 1778 2631 8.
1811 2592 1890 2628 vi.
1910 2584 1959 2629 4.
1984 2581 2012 2644 §
2034 2583 2086 2628 4.
2104 2584 2158 2629 et
2179 2577 2320 2628 alibi.

1573 2694 1580 2701 .
1639 2656 1668 2720 §
1695 2659 1756 2704 12
1789 2655 2150 2718 Eat-sequebatur
2168 2656 2296 2712 inde,
2317 2671 2421 2718 quoe
2449 2657 2636 2706 sollem-

1574 2729 1650 2778 nis
1668 2726 1903 2779 derivatio
1927 2729 2073 2794 esset]
2109 2731 2522 2794 Exsequebantur‚
2558 2731 2637 2781 ni-

1550 2808 1759 2869 ‚mirum
1783 2814 2070 2865 senatores,
2096 2807 2235 2857 Flor.
2268 2807 2414 2856 Leid.
2435 2812 2484 2857 1.
2504 2808 2636 2858 Lov.

1574 2886 1624 2932 4.
1660 2887 1710 2931 5.
1743 2883 1895 2932 Harl.
1927 2883 2097 2947 ambo,
2131 2883 2283 2933 Port.
2319 2883 2541 2933 Gaertn.
2569 2895 2637 2933 et

1572 2956 1762 3022 fragm.
1793 2958 1931 3008 Har.
1994 2959 2325 3024 Sequebantur
2357 2959 2499 3010 Hav.
2563 2961 2637 3010 Et

1575 3034 1780 3100 quidem
1806 3035 2198 3099 Exseqnebontur
2225 3035 2428 3086 scilieet
2447 3049 2635 3099 rogan-

1574 3113 1660 3162 do.
1725 3112 1899 3163 Antea
1937 3110 2450 3176 sciscitati-fuerant,
2486 3112 2636 3176 quid·

1574 3203 1691 3238 nam
1731 3188 1784 3237 id
1820 3194 1977 3252 esset,
2008 3186 2142 3253 quod
2177 3187 2243 3237 de
2277 3189 2391 3237 lacu
2432 3187 2636 3238 Albano

1565 3264 1872 3315 docuisset?
1906 3278 2044 3313 nunc
2056 3265 2445 3328 exsequebantur,
2464 3264 2518 3313 id
2536 3271 2639 3322 est,

1576 3340 1862 3405 pergebant
1913 3355 2170 3405 quaerere,
2218 3356 2333 3405 quie
2376 3342 2636 3393 sollemnis

1575 3417 1830 3467 derivatio
1853 3423 2009 3467 esset.
2038 3418 2125 3466 Ea
2143 3419 2369 3468 lectione
2392 3417 2639 3474 admissa,

1575 3502 1695 3557 post
1734 3493 1802 3545 τὰ,
1840 3493 2073 3543 derivato
2114 3499 2236 3543 esset
2279 3493 2636 3557 recipiendum

1574 3577 1659 3621 est
1681 3571 1884 3635 signum
1907 3570 2280 3634 interrogandi.
2337 3570 2457 3619 Hoc
2481 3585 2637 3621 sensu

1573 3648 1590 3676 ‘
1615 3646 1865 3712 exseqni’
1901 3646 2136 3696 obcurrit
2168 3661 2247 3696 lx.
2288 3651 2366 3697 16.
2402 3647 2419 3675 6
2441 3648 2636 3712 Itaque

1573 3722 1789 3775 subinde
1813 3730 2156 3787 exsequentes
2171 3737 2203 3772 a
2223 3722 2432 3771 consule
2453 3723 2636 3785 legati,

1575 3812 1793 3863 quonam
1817 3813 1872 3849 se
1897 3807 2052 3863 pacto
2087 3812 2278 3862 paucos
2310 3804 2365 3847 et
2404 3798 2635 3848 infirmos

1573 3876 1817 3941 praesidio
1856 3882 1959 3924 tam
2001 3876 2172 3924 valido
2206 3883 2263 3925 et
2300 3882 2500 3925 armato
2530 3875 2634 3924 vim

1572 3952 1837 4003 adlaturos
1855 3952 1892 4001 ?’
1926 3952 2148 4002 Plautus
2187 3951 2239 4000 in
2270 3949 2540 4014 Amphitr.
2567 3964 2637 4001 ιι.

1571 4032 1622 4078 2.
1650 4031 1758 4078 169.
1803 4028 1821 4054 6
1842 4027 1959 4077 Au.
1990 4027 2111 4078 Jam
2135 4026 2278 4093 ⁴illud
2318 4041 2423 4076 non
2457 4028 2636 4091 placet

1572 4104 1880 4170 principium
1907 4104 1975 4154 de
2000 4106 2210 4155 osculo:
2250 4118 2459 4167 pergam
2483 4118 2634 4154 exse·

1571 4182 1673 4248 qui.
1740 4180 1839 4232 AI..
1872 4181 2090 4230 Lavisti.
2151 4179 2268 4230 Au.
2301 4179 2465 4243 Quid,
2493 4185 2632 4243 post·

1570 4272 1728 4325 quam
1746 4256 1882 4307 lavi?
1914 4256 2014 4308 Ar..
2037 4254 2365 4306 Accubuisti.
2409 4254 2631 4306 So.En-
2675 4306 2680 4311 ,

1571 4349 1658 4405 ge,
1706 4333 1929 4401 optime!
1986 4333 2143 4388 Nune
2184 4331 2468 4398 exquirez'
2520 4331 2631 4392 nbi,
