2934 4925
673 390 847 459 ‘7578
1362 406 1581 456 NOTAE
1630 403 2033 455 vammum
2085 405 2165 453 m

673 553 838 614 dicat,
852 561 955 603 uno
967 554 1034 603 Ρ.
1048 551 1240 604 Ia’einio
1252 556 1495 616 excepto,
1509 550 1732 615 reliquos

1805 549 1964 599 titulo
1998 546 2238 612 imaginis
2275 541 2470 597 Licinii
2503 545 2721 610 legisse

676 642 742 678 ex
787 630 866 678 liis
921 628 1154 679 tribunos
1204 628 1426 678 militurn
1475 627 1729 691 patricios
1800 627 2026 691 primum
2063 639 2130 674 ex
2163 624 2317 688 plebe
2348 623 2644 673 tribunum
2682 638 2721 672 n

674 718 808 763 esse,
854 704 1139 755 ‘Titinium
1160 703 1177 728 '
1206 704 1381 764 etiam,
1420 710 1476 752 et
1515 703 1731 768 ‘Minni-

612 783 619 788 ’
675 780 801 840 um,’
845 788 900 830 et
936 789 951 811 ⁶
975 778 1238 842 Melina&
1279 785 1336 830 et
1372 780 1389 808 ‘
1413 779 1731 829 Publilium’

671 859 914 922 patricios
965 872 1080 908 esse
1118 858 1469 922 intelligamus
1519 871 1732 907 necesse

673 943 779 993 est,
795 948 910 984 cum
938 941 1111 985 tamen
1135 948 1383 998 nusquam
1409 933 1537 982 alias
1570 932 1733 997 patri-

670 1009 776 1059 cios
811 1025 901 1061 eos
935 1024 1049 1060 esse
1083 1016 1359 1074 appareat·
1390 1008 1563 1071 Sigon.
1627 1008 1732 1058 Mi-

670 1100 757 1136 ror
779 1085 980 1135 Livium
1013 1086 1125 1135 haec
1162 1086 1426 1145 κήδοι-ες
1458 1083 1552 1134 sed
1591 1097 1730 1147 saepe

673 1177 705 1213 a
762 1162 1070 1226 Capitolinis
1142 1160 1291 1212 fastis
1340 1161 1576 1211 diversus
1630 1165 1730 1210 est.

673 1238 894 1288 Constat
919 1238 1056 1287 enirn
1081 1251 1146 1287 ex
1170 1237 1387 1301 plebeiis
1416 1236 1602 1285 borum
1623 1250 1730 1284 ma-

671 1315 992 1390 gistratibus,
1011 1321 1209 1376 omnes,
1228 1319 1417 1376 prater
1439 1313 1603 1361 solnm
1630 1313 1738 1362 Fu·-

671 1395 824 1450 rium,
849 1391 1105 1457 plebeios,
1122 1406 1222 1441 non
1249 1391 1513 1455 patricios,
1534 1389 1730 1439 fuisse:

668 1469 767 1518 nisi
790 1468 1129 1531 imaginemur
1152 1466 1388 1529 duplices
1406 1467 1582 1515 earnm
1604 1479 1731 1527 gen·

672 1543 802 1594 tium
837 1541 1075 1599 familias,
1100 1542 1347 1606 quasdam
1387 1542 1648 1606 plebeias,
1676 1546 1732 1591 et

672 1618 922 1684 quasdam
957 1618 1224 1683 patricias.
1293 1619 1498 1667 Praeter
1529 1616 1623 1666 hos
1654 1624 1733 1666 ta·

674 1709 795 1745 men
850 1709 915 1744 ne
968 1694 1264 1757 exemplum
1319 1692 1527 1757 quidem
1547 1703 1552 1708 ’
1576 1692 1735 1747 aliud,

673 1772 810 1838 quod
837 1772 1115 1833 sciam,vel
1141 1772 1250 1834 ipse
1273 1770 1470 1825 Livius,
1487 1770 1568 1819 vel
1586 1767 1738 1830 alius,

676 1847 926 1913 suggerit,
948 1862 1046 1913 qno
1080 1846 1384 1910 patriciatus
1407 1846 1621 1895 istarum
1655 1844 1742 1894 fa-

673 1925 928 1974 miliarum
971 1923 1180 1987 probari
1227 1929 1416 1985 posset.
1502 1922 1612 1971 Pro
1653 1922 1733 1973 M.

674 2000 845 2050 Moelio
867 2007 1045 2050 tamen
1078 1998 1286 2063 quidam
1326 1997 1479 2047 codd.
1497 1998 1563 2047 P.
1590 1999 1740 2048 Mun-

675 2077 791 2127 lium
813 2077 1030 2136 habent,
1050 2082 1104 2124 et
1130 2091 1222 2139 pro
1239 2075 1423 2124 Moenio
1441 2075 1738 2124 Menenium.

674 2153 780 2206 Sed
804 2168 895 2203 cur
916 2152 1206 2215 Diodorum
1241 2153 1291 2199 in
1327 2152 1408 2200 his
1447 2152 1623 2215 potius
1658 2165 1737 2200 se·

674 2244 823 2295 quar,
846 2229 1092 2285 rationes,
1115 2242 1242 2291 quas
1263 2228 1505 2290 Sigonius
1542 2227 1593 2276 in
1631 2227 1740 2276 suis

677 2308 731 2357 in
787 2309 991 2358 Livium
1038 2307 1461 2357 annotationibus
1505 2304 1740 2367 adducit,-

578 2417 585 2422 -
676 2382 899 2435 faciunt.
965 2383 1030 2433 L.
1055 2383 1265 2433 Titinius
1299 2391 1471 2433 autem
1506 2382 1739 2445 appella·

680 2462 834 2513 turin
860 2459 1372 2512 secundotribunatn
1412 2467 1517 2508 tam
1555 2458 1610 2507 in
1648 2457 1735 2509 Li-

679 2538 767 2588 vio
790 2538 888 2587 hoc
911 2536 1005 2585 lib.
1029 2551 1080 2585 c.
1107 2539 1188 2586 18.
1209 2550 1360 2600 quam
1387 2535 1436 2583 in
1463 2533 1695 2583 Diodoro
1718 2549 1742 2583 z-

674 2629 893 2678 quorum
921 2618 1183 2662 auctorum
1205 2625 1489 2660 consensus
1515 2611 1568 2659 in
1586 2623 1743 2660 caus-

673 2704 731 2739 sa
753 2697 855 2755 est,
891 2697 948 2738 ut
970 2689 1070 2739 hoc
1101 2689 1256 2738 etiam
1282 2689 1395 2737 loco
1420 2687 1742 2751 praenomine

676 2768 862 2818 eodem
883 2782 999 2816 eum
1020 2766 1398 2830 insigniverim,
1420 2765 1549 2814 licet
1571 2765 1623 2814 in
1655 2765 1742 2814 Li-

677 2845 763 2895 vio
784 2845 862 2894 P.
885 2843 1093 2893 Titinius
1114 2842 1382 2892 habeatnr.
1452 2841 1520 2890 ln
1555 2840 1737 2890 eodem

677 2931 893 2971 auctore
915 2922 929 2948 ‘
951 2920 1090 2970 Furii
1109 2918 1384 2968 Medullini
1399 2916 1416 2940 '
1437 2931 1735 2980 praenomen

672 2997 862 3048 falsum
907 3011 1042 3058 esse,
1095 2994 1442 3057 fragmentum
1487 2994 1739 3057 Capitoli-

677 3087 798 3122 num
821 3070 1074 3131 ostendit,
1111 3069 1333 3132 primum
1356 3067 1598 3117 videlieet
1621 3068 1737 3131 ejus

679 3151 994 3200 tribunatum
1047 3149 1182 3196 huuc
1228 3161 1362 3207 esse,
1409 3145 1738 3210 quandoqui-

679 3228 795 3276 dem
831 3233 846 3254 ‘
866 3225 917 3273 1..
942 3222 1151 3273 Furium
1170 3220 1184 3242 ’
1219 3222 1299 3271 bis
1326 3229 1448 3270 ante
1475 3222 1736 3271 tribunum

678 3302 1029 3352 babuerimuS.
1123 3300 1358 3348 Fratrem
1413 3299 1575 3361 igitur
1626 3299 1737 3362 ejus

678 3381 816 3429 hune
861 3391 972 3426 esse
1018 3377 1374 3439 cognoscimus
1428 3389 1496 3422 ex
1552 3373 1735 3423 eodem

677 3456 991 3517 fragmento,
1010 3453 1094 3501 cni
1119 3451 1312 3499 idcirco
1328 3450 1411 3498 avi
1437 3452 1737 3513 praenom'eu

677 3529 1212 3594 Spurius·addidimns.
1282 3527 1424 3577 Duos
1462 3529 1597 3576 enim
1634 3525 1740 3575 fra-

677 3617 785 3658 tres
805 3606 990 3656 eodem
1021 3602 1339 3667 praenomine
1372 3617 1510 3659 usos,
1531 3616 1633 3651 non
1654 3609 1735 3652 est

676 3682 973 3734 verisimile.
1039 3669 1112 3731 Ls
1133 3679 1411 3742 Publilium,
1434 3694 1529 3742 pro
1550 3679 1735 3729 L.··P0-

670 3762 824 3825 pillio,
846 3759 1050 3809 restitui
1069 3757 1263 3806 debere
1287 3757 1525 3820 in.L⁴i·vio,
1546 3771 1734 3820 coguo-

674 3839 811 3891 mina
838 3837 979 3884 Philo
1008 3835 1205 3885 Volscus
1244 3833 1500 3896 indicant,
1527 3849 1640 3898 quae
1682 3833 1736 3882 iu

676 3913 984 3976 Capitolinis
1025 3916 1254 3960 exstant.
1337 3909 1542 3974 Saepius
1598 3909 1733 3959 enim

673 3990 788 4039 haec
810 3987 1166 4037 attribuuntur
1189 3993 1203 4014 ⁶
1219 3984 1499 4048 Publiliis,’
1521 3992 1578 4035 et
1594 3998 1746 4033 num-

673 4081 825 4132 quam
847 4068 861 4093 ‘
885 4061 1191 4125 Popilliis.’·
1234 4062 1444 4123 Pighius
1467 4063 1520 4110 in
1549 4061 1749 4131 Annat,

675 4143 741 4191 ad
766 4158 812 4191 a.
837 4152 1062 4190 cccun.
1090 4154 1144 4201 p.
1166 4141 1284 4187 212.
1353 4139 1660 4188 Perizonius
1678 4140 1746 4188 in-

678 4214 853 4269 Anim.
888 4216 1035 4265 Hist.
1058 4218 1170 4264 c.8.
1194 4213 1387 4262 erroris
1410 4217 1585 4278 arguit
1607 4216 1745 4266 Livi·

670 4309 775 4360 um,
795 4295 900 4359 qui,
919 4308 1076 4358 quum
1093 4294 1147 4343 in
1165 4291 1358 4357 Fastis,
1375 4295 1665 4360 annalibus,
1686 4308 1747 4352 et

1802 701 2059 753 consulari
2076 705 2337 764 potestate
2350 698 2568 750 foetum
2585 714 2718 749 esse

1806 780 1970 829 solum
1992 778 2061 828 de
2100 777 2255 841 plebe
2285 782 2540 826 creatum
2585 789 2721 825 esse

1805 855 1958 906 verit.
2026 852 2355 910 Difficultati,
2398 868 2529 917 quae
2569 866 2646 901 ex
2689 851 2721 915 ὴ

1805 930 2144 994 nascebatur,
2166 944 2261 980 cur
2277 943 2404 991 ergo
2429 929 2486 977 iu
2516 927 2709 977 Fastis

1805 1008 2009 1058 nalibus
2043 1007 2140 1056 boc
2162 1007 2323 1069 magis
2345 1004 2705 1067 adscriptum

1803 1086 1998 1135 nomini
2054 1083 2261 1145 Licinii,
2312 1096 2474 1146 quam
2531 1080 2720 1130 alioru

1805 1161 1980 1226 plebe,
2001 1160 2068 1209 de
2098 1159 2285 1225 quibus
2324 1159 2468 1207 idem
2510 1156 2624 1206 dici
2661 1170 2721 1220 pt

1803 1238 1880 1287 ita
1908 1237 2139 1288 occurrit
2168 1234 2500 1295 Perizonius,
2523 1241 2586 1283 ut
2610 1231 2721 1282 dica

1803 1316 1995 1366 ciuium
2019 1315 2186 1378 primo
2218 1312 2333 1363 loco
2365 1313 2514 1362 inter
2536 1317 2721 1359 ceter<

1806 1392 1951 1442 beios
1973 1391 2394 1453 designatum,et
2420 1386 2586 1449 hujus
2615 1385 2721 1448 prii

1805 1469 2099 1533 signatione
2124 1466 2189 1516 ad
2225 1467 2403 1529 plures
2425 1477 2498 1513 ex
2525 1462 2692 1527 plebe
2717 1487 2721 1502 ·

1807 1545 2009 1596 nendos
2029 1544 2240 1607 gradum
2263 1540 2468 1591 factum
2491 1539 2687 1589 fuisse.

1808 1624 1883 1673 ita
1907 1622 2133 1671 nondum
2156 1625 2395 1669 exemtus
2419 1624 2508 1668 ‘est
2533 1618 2709 1667 omnis

1808 1699 1979 1763 pulus·
2042 1697 2177 1747 Nam
2212 1710 2367 1760 quum
2395 1695 2450 1743 in
2487 1694 2672 1743 Fastis
2696 1707 2721 1741 e

1808 1775 2009 1824 nalibus
2052 1772 2235 1836 aliquis
2276 1778 2294 1801 ‘
2318 1772 2517 1835 primns
2562 1769 2632 1819 de
2689 1784 2721 1833 p

1807 1852 2058 1913 dictator,
2068 1849 2273 1911 consul,
2284 1862 2490 1908 censor,
2503 1854 2713 1912 praetor

1808 1936 1894 1978 tus
1916 1925 2206 1986 dicitur,·id
2243 1925 2434 1988 ubique
2465 1924 2548 1973 ita
2580 1924 2721 1973 intell

1805 2005 1928 2055 dum
1946 2001 2201 2066 est,‘nulli
2224 2000 2289 2049 de
2314 2001 2470 2064 plebe
2500 2006 2628 2049 ante
2650 2014 2721 2048 eu

1809 2095 1987 2131 norem
2010 2080 2152 2129 illum
2176 2078 2449 2140 obtigisse,
2484 2090 2584 2126 nec
2606 2076 2721 2126 acl-⁴

1810 2160 2070 2207 nationem
2097 2157 2263 2222 primo
2297 2157 2412 2206 loco
2436 2154 2632 2205 saetam
2656 2169 2720 2203 re

1814 2243 1927 2296 tur,
1958 2242 2019 2285 ut
2035 2248 2103 2283 ex
2135 2235 2200 2283 iis
2222 2239 2444 2295 constat,
2458 2246 2576 2297 quae
2598 2245 2721 2294 spu(

1814 2312 2056 2360 rizonium
2111 2312 2377 2374 leguntur.
2458 2309 2652 2361 Quaero
2700 2307 2720 2362 i¹

1813 2401 1908 2437 cur
1929 2388 2202 2437 Fastorum
2229 2393 2289 2435 et
2324 2385 2600 2436 Annalium
2639 2397 2721 2433 cot

1813 2479 1917 2528 res,
1940 2465 1993 2514 in
2026 2465 2211 2529 quibus
2242 2464 2421 2515 Livius
2448 2463 2650 2526 legerat
2682 2462 2721 2510 L

1787 2556 1898 2597 ,ιιω
1923 2540 2142 2604 primum
2172 2553 2238 2589 ex
2275 2539 2426 2603 plebe
2451 2539 2720 2588 tribunum¹

1814 2624 1923 2667 tum
1946 2617 2208 2666 consulari
2229 2621 2495 2680 potestate
2516 2604 2714 2664 factum

1816 2693 1950 2758 quod
1974 2706 2108 2742 nunc
2121 2704 2328 2758 quoqne
2345 2692 2396 2741 in
2413 2690 2713 2753 fragmentis

1817 2775 1989 2818 torum
2034 2768 2445 2831 Capitolinorum
2488 2767 2560 2816 ita
2599 2766 2721 2815 muti

1815 2859 1927 2894 rum
1946 2851 2027 2893 est
2052 2857 2163 2893 ηπ
2186 2858 2218 2895 a
2239 2857 2439 2907 ranna,
2455 2843 2518 2893 de
2538 2843 2625 2892 illo
2640 2845 2721 2893 sol«

1815 2921 1887 2971 ita
1913 2921 2168 2971 voluerint
2189 2921 2382 2984 accipi,
2404 2934 2517 2969 eum
2550 2919 2720 2983 primo

1817 2996 1956 3047 inter
1975 2997 2151 3060 plures
2173 2995 2239 3046 de
2263 2997 2418 3059 plebe
2438 2995 2721 3045 eandidatm

1818 3075 2081 3136 signatum
2125 3072 2318 3123 fuisse?
2384 3075 2512 3124 Nam
2551 3088 2697 3137 quium

1822 3165 1889 3198 ex
1913 3151 2176 3200 sententia
2202 3151 2482 3213 Perizonii‚
2514 3152 2651 3200 Livio
2685 3149 2722 3198 f·

1819 3224 2001 3286 fuerit,
2035 3225 2213 3290 utique
2262 3227 2391 3275 alios
2422 3240 2563 3289 quam
2611 3227 2720 3289 plur

1818 3304 2050 3354 historia
2094 3301 2342 3354 Romanas
2382 3306 2525 3367 longe
2574 3304 2721 3366 impet

1819 3395 1904 3432 res
1958 3382 2022 3429 in·
2066 3395 2297 3430 errorem
2339 3380 2583 3431 abducere
2623 3388 2721 3444 pot«

1817 3459 1891 3509 Et
1914 3457 2027 3520 quis
2050 3457 2254 3521 credat,
2274 3457 2317 3505 si
2342 3456 2575 3518 Licinius,
2594 3470 2720 3505 mem

1819 3534 1973 3597 hujus
2020 3533 2096 3582 rei
2135 3532 2202 3582 ad
2250 3539 2478 3597 posteros
2510 3547 2721 3597 propaga

1818 3624 1990 3671 causa,
2011 3609 2109 3659 hoc
2131 3611 2181 3658 in
2197 3610 2347 3658 titulo
2369 3608 2588 3671 imaginis
2601 3620 2694 3657 sum
2716 3627 2721 3655 ι

1817 3685 1871 3735 bi
1911 3684 2093 3746 voluit,
2130 3693 2333 3733 ceteros
2369 3684 2496 3733 illius
2526 3684 2721 3746 collegas

1820 3762 1975 3827 plebe
2019 3762 2071 3809 in
2122 3771 2323 3810 suarum
2377 3760 2624 3823 imaginum
2655 3760 2721 3808 *tii

1819 3853 1923 3887 non
1950 3838 2201 3901 posuisse,
2236 3850 2293 3884 se
2320 3836 2337 3862 ‘
2360 3835 2487 3885 inter
2520 3836 2710 3900 primos¹

1821 3916 1968 3965 beios
1983 3915 1996 3935 ’
2010 3915 2255 3963 honorem
2283 3913 2421 3961 illum
2441 3912 2636 3976 adeptos
2645 3911 2720 3961 fui}

1823 3992 1957 4042 Nam
1995 3990 2092 4039 etsi
2126 4005 2228 4040 non
2268 3990 2429 4052 primo
2457 3990 2556 4037 loeo
2588 3988 2720 4051 desig

1821 4065 2053 4126 fuerant,
2075 4073 2248 4114 tamen
2273 4065 2353 4113 vel
2378 4065 2467 4114 hoc
2496 4064 2581 4113 illis
2603 4065 2721 4114 hono

1823 4155 1938 4191 cum
1963 4150 2017 4190 et
2050 4141 2324 4204 gloriosum
2366 4139 2427 4187 ad
2461 4146 2661 4202 posteros
2690 4138 2721 4190 fi

1825 4231 1934 4266 rum
1958 4227 2092 4278 erat,
2124 4231 2215 4266 eos
2240 4217 2428 4278 primos
2448 4216 2639 4267 omnium
2674 4230 2721 4278 pt

1823 4293 1917 4344 ciis
1941 4294 2185 4358 praelatos
2208 4292 2408 4343 fuisse:
2443 4293 2554 4344 Haec
2571 4299 2721 4357 sunm
