2934 4925
734 407 801 459 Τ.
848 406 1040 459 mvn
1088 408 1289 459 mar.
1338 408 1480 462 ma.
1527 410 1632 461 vi.
1677 411 1840 462 oar.
1884 398 1993 465 17.

257 550 395 601 enim
440 548 581 613 idem
623 564 728 602 non
768 551 1032 618 displicuit
1064 556 1093 620 §
1127 556 1316 620 proecst

256 630 273 655 ²
293 627 447 679 Quod
464 643 619 692 quum
640 636 695 678 et
714 643 930 692 parvum
948 638 1002 682 et
1026 633 1205 697 paucis
1225 632 1316 682 da·

256 709 387 767 tum,
410 712 465 753 et
488 704 779 756 mercedem
813 720 930 756 esse
964 708 1217 773 prodendi
1239 710 1318 759 Μ.

256 779 442 830 Manlii
483 781 994 847 interpretarentur:
1067 787 1316 838 Voculam

254 856 419 919 igitur
441 862 490 906 et
512 858 627 907 loco
646 872 741 908 auo
763 860 985 910 restitui.
1052 863 1318 915 Praeterea

255 938 303 982 et
324 931 461 992 fecie
499 948 660 984 reram
702 937 854 986 Voss.
882 941 934 987 2.
1009 939 1148 990 Vide
1170 942 1238 991 ad
1263 955 1317 991 v.

254 1011 386 1074 4¹1&
414 1013 494 1061 10.
563 1011 807 1076 Denique
831 1014 1018 1064 turbam
1037 1016 1192 1066 alim
1213 1023 1318 1067 erat

256 1094 339 1136 eat
368 1086 421 1136 in
455 1087 606 1138 Leid.
630 1092 679 1137 1.
731 1090 945 1148 Verum,
974 1092 1106 1157 quod
1144 1094 1196 1143 in
1230 1108 1317 1144 co·

252 1162 372 1211 dice
395 1164 485 1213 illo
508 1162 749 1229 frequens
772 1174 871 1222 est,
895 1167 1118 1231 inperite
1139 1169 1317 1221 divisis

253 1239 492 1301 vocibus,
518 1255 635 1305 quoe
668 1255 768 1291 uua
797 1256 857 1292 ac
899 1245 1147 1296 continua
1184 1247 1317 1297 serie

252 1316 376 1364 olim
423 1317 792 1376 exarabantur,
834 1320 997 1383 prima
1036 1321 1191 1372 litera
1230 1325 1320 1372 τοῦ

252 1392 510 1443 Manliana
553 1393 806 1457 adjuncta
846 1402 927 1444 est
970 1397 1084 1446 voci
1123 1411 1319 1460 prace-

252 1468 420 1520 deuti.
466 1470 546 1520 Ex
572 1471 767 1536 reliquo
789 1478 962 1522 antem
984 1473 1194 1536 nunna,
1209 1475 1319 1525 aive

252 1545 433 1609 «iliam,
479 1560 642 1611 parva
674 1547 965 1597 mutatione
1005 1547 1202 1599 factum
1236 1558 1319 1602 eat

250 1622 428 1671 auena.
493 1622 598 1671 Sed
620 1624 885 1689 quum-ita
923 1634 1232 1688 peccaretur
1265 1629 1318 1678 in

251 1698 511 1747 rationem
544 1700 805 1764 loquendi,
840 1702 980 1752 turba
1012 1703 1168 1753 aliena
1196 1709 1321 1767 erat,

251 1772 304 1822 id
332 1775 669 1825 emendatum
701 1777 886 1827 deinde
919 1785 1001 1828 est
1034 1779 1086 1829 in
1122 1780 1250 1830 Lov-
1271 1784 1322 1830 2.

249 1855 308 1898 et
355 1849 507 1900 Harl.
554 1856 600 1902 1.
661 1859 678 1884 ‘
713 1855 975 1905 Manliana
1019 1857 1208 1918 tnrba,'
1260 1865 1321 1909 ut

250 1926 266 1951 ⁸
292 1925 565 1977 Manliana
596 1929 839 1994 imperia'
882 1926 961 1982 1'v.
992 1937 1074 1983 29.
1119 1931 1320 1997 ‘Argu-

250 2009 430 2050 mento
471 2011 572 2066 est,
610 2005 747 2070 quod
783 2008 1050 2059 Manliana
1083 2010 1321 2075 imperia,

251 2092 355 2127 non
425 2079 782 2140 Postumiana,
848 2085 1109 2149 adpellata
1177 2087 1321 2140 sint?

253 2168 381 2206 vm.
406 2161 457 2205 ’1.
477 2158 493 2185 ‘
511 2158 879 2225 Manlianaque
902 2163 1121 2227 imperia
1141 2179 1242 2215 non
1265 2166 1319 2216 in

251 2234 541 2295 praesentia
563 2236 715 2286 modo
735 2238 1014 2302 borreuda,
1031 2240 1122 2291 aed
1148 2255 1319 2292 exem-

252 2308 322 2370 pli
347 2309 507 2358 etiam
531 2311 695 2362 tristis
731 2313 783 2362 in
820 2321 1084 2377 posterum
1108 2318 1321 2370 essent!

248 2385 264 2410 ‘
291 2385 561 2437 Manliana
601 2388 824 2440 seditio’
868 2392 967 2442 boc
1011 2392 1101 2442 lib.
1145 2407 1193 2442 c.
1238 2397 1318 2445 18.

250 2459 265 2487 ‘
291 2460 722 2516 Recrudescente
745 2467 1010 2518 Manliana
1044 2468 1318 2533 seditione,

181 2533 186 2540 '
251 2538 346 2587 sub
368 2540 515 2589 exitu
539 2542 661 2591 anni
684 2544 891 2592 comitia
920 2543 1096 2594 habita
1114 2543 1152 2595 ε’
1182 2545 1200 2576 ‘
1222 2546 1318 2595 aal-

251 2622 335 2664 tus
358 2616 688 2676 Manlianus’
726 2632 818 2669 xl..
842 2624 924 2670 39.
951 2622 971 2650 ⁴
996 2621 1144 2672 Clam
1178 2636 1319 2672 com·

250 2694 447 2754 paratis
484 2695 647 2760 copiis
680 2697 869 2747 saltum
889 2698 1206 2748 Manlianum
1229 2700 1318 2750 ob·

253 2766 544 2818 sederunt-⁹

318 2844 612 2909 Amotusque
647 2852 758 2910 post
798 2849 1089 2913 triimpham
1127 2851 1319 2903 abdica·

252 2920 382 2969 tione
438 2921 693 2971 dictatum
749 2926 930 2990 terror]
997 2928 1321 2993 Admtuuquae

251 2994 435 3059 fragm.
460 2997 595 3047 flav.
619 2997 884 3065 frequenti
919 3003 1202 3054 acribarum
1231 3007 1319 3056 ab·

253 3072 537 3121 erratione.
599 3073 736 3123 Vide
759 3075 824 3124 ad
845 3088 937 3125 xz·
955 3081 1037 3126 55.
1068 3079 1097 3142 ξ
1120 3085 1168 3128 5.
1234 3078 1319 3130 Ad

251 3145 350 3195 hoc
391 3149 584 3210 copula
622 3163 728 3212 que,
772 3165 888 3214 quae
928 3158 1101 3202 tamen
1144 3153 1319 3204 sensui

252 3215 545 3274 necessaria
565 3219 668 3288 eat,
685 3226 835 3277 deest
856 3227 907 3288 in
928 3227 1079 3279 Harl.
1096 3235 1145 3280 2.
1169 3232 1320 3282 Port-

252 3297 392 3348 Hav.
407 3299 630 3349 Hearnii
650 3301 936 3353 oxoniensi
951 3304 1013 3353 Β.
1030 3312 1085 3354 et
1108 3306 1319 3370 quibua-

249 3371 369 3423 dam
412 3389 478 3424 ex
517 3378 885 3429 vetustioribus
926 3379 1048 3430 edd.
1077 3381 1169 3430 sed
1203 3396 1318 3431 eam

252 3457 577 3512 receperunt
634 3452 746 3515 jam
801 3454 978 3504 Parin.
1030 3456 1317 3506 Mediolan-

254 3528 399 3574 1495.
425 3532 480 3575 et
504 3531 649 3576 1505.
714 3528 1073 3581 Veneti'l498.
1119 3529 1317 3583 Ascen-

251 3602 361 3650 sius
386 3604 533 3653 1513.
555 3611 610 3652 et
634 3607 779 3654 1516.
802 3611 958 3669 atque
990 3606 1111 3656 inde
1134 3608 1318 3672 reliqui

252 3679 593 3730 recentiores.
629 3680 832 3730 Deinde
844 3681 903 3730 τὸ
922 3672 1176 3733 dictatum
1190 3683 1315 3734 deli-

252 3752 325 3801 cit
348 3754 399 3802 in
424 3762 678 3805 contextu
708 3754 891 3820 fragm.
917 3756 1150 3810 Haverk.
1176 3760 1316 3823 quod

253 3830 502 3894 deinceps
532 3832 698 3895 prima
725 3847 907 3882 manus
938 3833 1003 3882 ad
1033 3835 1314 3896 marginem

251 3905 369 3955 cod.
395 3907 690 3971 adscripsit.
756 3909 954 3957 Eadem
989 3923 1117 3960 voce
1148 3917 1315 3961 trans·

250 3985 419 4047 posita
468 3983 724 4034 dictatura?
762 3985 1058 4036 abdicatione
1101 3985 1314 4050 praefert

252 4059 380 4108 Lov-
400 4062 451 4108 2.

316 4136 385 4184 Et
405 4136 621 4196 linguam
643 4138 692 4184 et
711 4134 894 4184 animos
928 4135 1214 4186 liberaverat
1232 4137 1314 4186 Ιω-

252 4210 452 4274 mimmr]
492 4212 559 4261 Et
579 4212 792 4274 linguam
815 4217 864 4262 et
887 4212 1125 4262 hominium
1142 4214 1313 4264 liberu-

252 4295 385 4340 verat
401 4289 584 4341 anano·
607 4289 757 4339 Leid.
772 4294 822 4343 2.
846 4297 901 4340 et
922 4290 1049 4341 Lov.
1073 4295 1120 4341 1.
1153 4294 1200 4341 et
1221 4292 1312 4340 lin-

2276 403 2448 471 ’7947

1386 569 1533 617 guam
1550 561 1601 607 et
1615 555 1800 608 anina·
1818 524 1979 623 unone
1997 557 2280 612 liberm
2302 496 2449 619 kenui-

1390 646 1504 680 mnu
1526 632 1675 683 Leid-
1700 637 1747 685 1.
1809 634 1915 685 Sed
1949 639 2137 687 vocula
2156 637 2340 690 addita
2370 647 2452 691 eat

1393 721 1426 755 a
1446 708 1582 757 mala
1603 721 1787 772 manu;
1818 710 1959 775 quod
1987 718 2044 761 et
2079 712 2202 762 alibi
2234 713 2450 765 accidit.

1391 782 1531 833 Vide
1566 782 1632 833 ad
1670 797 1856 836 τινα.
1886 791 1970 838 23.
2001 788 2030 851 ξ
2063 792 2114 837 7.
2181 789 2453 841 Nihilomi-

1392 873 1509 923 nus,
1542 874 1638 924 uro
1668 861 1844 926 itaque,
1873 864 2123 929 scriptum
2154 860 2236 917 est
2265 867 2449 931 iraque,

1392 936 1503 986 aive
1523 935 1756 1002 iramque,
1775 939 1829 989 in
1860 939 1990 990 Lov-
2005 944 2055 990 2.
2074 945 2125 991 4.
2145 947 2193 991 5.
2231 943 2380 993 Harl.
2401 949 2452 994 2.

1392 1013 1546 1063 Port.
1565 1013 1785 1065 Gaertn.
1805 1023 1861 1066 et
1883 1015 2021 1067 Hav,
2039 1017 2175 1082 quod
2198 1026 2253 1068 et
2274 1019 2373 1069 sibi
2395 1020 2450 1070 in

1392 1091 1512 1140 Pal.
1534 1094 1584 1140 2.
1618 1091 1824 1142 obvium
1855 1092 2032 1151 fuisse,
2062 1100 2285 1146 testatur
2306 1095 2448 1147 Geb-

1389 1164 1585 1216 hardua
1605 1167 1702 1217 hoc
1725 1168 1811 1218 lib.
1830 1168 1894 1218 ad
1917 1185 1965 1220 c.
1987 1174 2067 1220 18.
2087 1173 2116 1236 ξ
2138 1176 2188 1222 4.
2252 1173 2355 1221 Sed
2377 1173 2449 1221 ita

1392 1247 1446 1291 et
1465 1242 1543 1292 ira
1565 1243 1842 1307 aaepisaime
1864 1254 2259 1298 commutantur.
2314 1248 2450 1297 vide

1387 1316 1455 1365 ad
1483 1330 1645 1369 xxxv.
1667 1323 1746 1368 16.
1767 1322 1797 1384 §
1816 1323 1863 1369 1.
1898 1320 1917 1348 ‘
1931 1322 2000 1371 Et
2016 1322 2244 1385 lingnam
2266 1329 2322 1373 et
2344 1324 2450 1373 ani·

1390 1405 1499 1442 moa
1520 1393 1783 1458 iramqne’
1804 1409 1907 1445 nou
1945 1397 2087 1460 sapit
2115 1400 2448 1462 compositio·

1389 1482 1510 1519 nem
1535 1470 1818 1529 Livianam,
1842 1473 1929 1537 qui
1952 1474 2095 1537 priua
2124 1479 2172 1523 et
2206 1474 2260 1523 in
2294 1474 2449 1525 simili

1390 1554 1658 1597 structura
1674 1549 1922 1599 orationis
1941 1550 2156 1614 omittit,
2172 1552 2254 1600 vel
2271 1551 2448 1602 dicere

1391 1623 1577 1672 solitus
1610 1630 1693 1673 eat
1742 1626 1759 1653 ⁸
1784 1625 2010 1688 linguam
2054 1626 2351 1690 animosque
2393 1634 2452 1677 et

1390 1696 1561 1748 iram-⁸
1617 1698 1753 1749 Vide
1777 1699 1841 1749 ad
1865 1713 1932 1750 n.
1951 1705 2032 1751 50.
2056 1702 2085 1764 §
2111 1705 2158 1752 1.

1458 1773 1595 1824 Car.
1618 1787 1761 1827 xvn.
1818 1777 1847 1839 §
1876 1780 1903 1824 1
1943 1777 2270 1826 Audiebantur
2287 1778 2446 1842 itaque

1388 1851 1635 1914 propalans
1659 1852 1817 1916 voces]
1852 1852 2049 1901 Vocem
2069 1855 2230 1915 itaque
2248 1864 2448 1917 expuu-

1393 1934 1522 1990 gunt
1546 1927 1696 1977 Voss.
1729 1933 1780 1978 2.
1815 1928 1962 1979 Leid-
1996 1932 2042 1978 1.
2082 1928 2210 1979 Lov-
2246 1933 2297 1980 2.
2324 1935 2374 1981 3.
2394 1935 2445 1981 4.

1393 2003 1544 2052 Harl.
1559 2008 1607 2054 2.
1629 2004 1850 2055 Gaertn.
1865 2005 2018 2056 Part.
2036 2004 2173 2055 Har.
2190 2015 2245 2055 et
2257 2005 2446 2071 fragm.

1394 2079 1535 2129 Hav.
1588 2081 1785 2131 Contra
1826 2081 1962 2131 male
2005 2080 2298 2133 addebatur
2334 2097 2451 2147 cap.

1392 2157 1607 2221 praec.§
1632 2157 1726 2207 ult.

1459 2232 1743 2292 Defensores
1757 2248 1864 2284 rau
1880 2234 1934 2284 ia
1952 2236 2251 2300 pracipitem
2271 2250 2449 2301 reaper

1391 2308 1724 2367 loeumsaeore
1738 2313 1895 2374 tollat,
1908 2314 2076 2362 deinde
2096 2314 2150 2363 in
2163 2313 2266 2376 ipso
2277 2314 2449 2364 discri-

1391 2383 1543 2446 mine]
1578 2386 1773 2448 smper
1792 2386 1846 2436 in
1864 2388 2156 2451 precipitem
2177 2390 2328 2438 heum
2345 2390 2448 2440 alie

1379 2460 1577 2513 ordine
1620 2464 1761 2514 Flor.
1795 2463 1947 2514 Vosa-
1990 2468 2041 2518 2.
2088 2466 2238 2515 Leid.
2280 2467 2448 2523 ambo,

1379 2539 1522 2588 ιον.
1560 2540 1800 2604 quinque,
1839 2539 1992 2590 Harl.
2026 2542 2195 2618 ambo3
2228 2542 2449 2594 Gaertn.

1381 2614 1546 2664 Port.
1564 2615 1751 2681 fragm.
1768 2616 1904 2666 Har.
1919 2624 1975 2667 et
1992 2617 2114 2668 edd.
2132 2620 2284 2669 Rom.
2305 2623 2452 2670 1472.

1394 2705 1456 2740 ac
1492 2691 1672 2742 Parm-
1727 2693 1996 2743 Praeterea
2018 2695 2200 2744 'deinde
2221 2695 2325 2757 ipso
2351 2696 2447 2744 dia-

1390 2768 1590 2817 crimine
1612 2769 1761 2818 Port.
1826 2767 1982 2819 For'te
2001 2768 2131 2830 deiri,
2146 2783 2241 2832 pro
2260 2772 2449 2827 Made,

1392 2843 1645 2908 scriptum
1679 2842 1868 2895 fuerat.
1935 2846 2006 2895 Et
2033 2845 2155 2894 hinc
2179 2845 2292 2909 jam
2328 2847 2447 2897 ulti-

1391 2932 1479 2968 ma
1500 2919 1616 2984 ejus
1641 2921 1783 2971 vocis
1798 2913 2006 2986 'syllaba
2028 2922 2445 2985 praepoaitionem

1394 2995 1674 3046 ahsorbere
1709 2999 1896 3062 potuit.
1962 2998 2100 3047 Vide
2125 2997 2191 3047 ad
2227 3009 2449 3049 xxxvn.

1392 3073 1525 3135 81.§
1555 3075 1606 3123 4.
1672 3074 1886 3124 Petron.
1919 3073 1971 3122 in
2011 3074 2183 3139 Satyr.
2218 3089 2334 3138 cap.
2366 3078 2448 3123 80.

1390 3148 1408 3175 ⁸
1423 3148 1612 3197 Paullo
1634 3155 1759 3199 ante
1778 3149 2096 3199 carissimum
2118 3149 2218 3199 sibi
2234 3150 2446 3200 commi·

1392 3222 1963 3290 litouem,fortunaeque
1975 3224 2132 3274 etiam
2155 3226 2447 3276 similitudi·
2532 3292 2536 3296 ⁴

1392 3311 1460 3347 ne
1483 3312 1680 3362 parem,
1701 3300 1751 3348 iu
1778 3302 1895 3350 loco
1917 3300 2192 3363 peregrino
2205 3300 2446 3353 destituit

1392 3373 1688 3437 abjectum!
1736 3373 1798 3424 Ιιι
1827 3375 1982 3438 prino
2008 3376 2281 3426 ἀίων-ἐπήν
2315 3392 2449 3441 pre·

1377 3448 1498 3500 -fert
1519 3452 1740 3501 Gaertu.

1455 3527 1485 3590 §
1511 3530 1545 3575 2
1575 3525 1770 3589 SicSp.
1797 3526 2445 3590 cammiaagroaepmen

1388 3604 1658 3668 vocantem]
1694 3602 1886 3652 Omnia
1920 3602 2034 3652 baec
2065 3602 2224 3652 verba
2253 3602 2446 3656 desunt

1390 3679 1442 3727 iu
1466 3679 1622 3729 Voss.
1644 3682 1695 3729 2.
1719 3684 1775 3727 et
1796 3677 1986 3727 Lora.
2041 3676 2139 3727 Cui
2159 3678 2443 3741 neglegen-

1389 3756 1478 3804 tiae
1533 3754 1858 3805 librariorum
1913 3754 2238 3803 occasionem
2293 3753 2442 3804 dedit

1388 3831 1646 3895 particula
1669 3830 1772 3894 Sic,
1805 3844 1905 3896 qua
1930 3838 1987 3879 et
2016 3830 2128 3880 haec
2149 3836 2205 3879 et
2226 3835 2442 3894 sequeu-

1373 3908 1466 3957 ·tia
1509 3905 1663 3957 verba
1711 3907 1985 3971 incipiunt.
2049 3907 2202 3957 Unde
2248 3905 2445 3957 factum

1388 3990 1489 4046 est,
1510 3990 1569 4033 ut
1588 3984 1748 4034 semel
1770 3983 2054 4033 omiserint.
2117 3981 2252 4031 Vide
2272 3982 2337 4031 ad
2359 3996 2440 4034 ιι.

1388 4060 1516 4122 11.§
1535 4064 1613 4109 11.
1647 4059 1856 4108 Deinde
1875 4072 1970 4122 pro
1989 4059 2152 4109 Cassii
2170 4061 2441 4121 praenumi·

1386 4149 1453 4186 ne
1475 4136 1558 4200 Sp.
1578 4136 1724 4185 Leid.
1749 4139 1796 4183 1.
1825 4133 2039 4199 praefert
2061 4139 2194 4196 aaut,
2215 4136 2368 4185 Voss.
2393 4138 2441 4183 1.

1387 4221 1444 4264 et
1499 4215 1627 4264 Lov.
1673 4218 1721 4263 1.
1758 4228 1858 4278 spe.
1936 4214 2159 4280 Insuper
2199 4219 2440 4266 emnem

1386 4291 1520 4341 male
1543 4289 1721 4342 deficit
1742 4291 1794 4341 in
1819 4291 1965 4342 Leid.
1988 4294 2035 4340 1.
