2934 4925
735 396 806 450 τ.
859 398 1042 448 mvn
1091 398 1293 448 msr.
1330 399 1490 449 mn.
1537 400 1604 446 v.
1653 398 1816 449 cAr.
1861 383 1970 449 26.

249 546 313 610 si,
345 542 441 596 sed
468 543 585 594 'alia
614 540 1011 608 significatione,
1042 557 1196 609 qnam
1232 542 1317 594 hic

249 624 413 680 est,in
428 628 482 672 et
495 627 752 672 mutatum
779 635 895 671 esse
915 622 1164 672 ostendit.
1209 620 1315 672 Sed

249 700 579 763 conjectura,
622 713 724 765 qus
768 699 1000 750 Gronov.
1041 714 1138 763 pro
1175 698 1316 749 rebus

247 778 428 827 bellicis
463 776 735 828 substituit
765 790 818 826 re
852 791 947 826 non
984 777 1168 841 bellica,
1202 777 1315 827 lon-

248 853 360 917 gius
385 852 597 903 recedit
625 868 656 902 a
687 852 910 902 lectione
935 853 1160 902 omnium
1182 852 1312 902 Mss.

247 944 401 996 quam
426 938 497 982 nt
513 932 560 981 ei
584 932 701 982 sine
714 929 1036 981 haesitatione.
1055 929 1313 981 subscribi

246 1008 431 1071 possit.
503 1009 700 1057 Verum
740 1011 837 1070 est,
870 1006 1006 1071 quod
1040 1005 1144 1071 hic,
1171 1014 1228 1056 et
1261 1006 1315 1056 ln

245 1085 402 1148 epist.
426 1083 496 1134 ad
521 1084 643 1134 Nic.
675 1082 859 1134 Heius.
881 1082 1029 1146 dicit,
1049 1097 1154 1132 non
1185 1083 1316 1140 scie.

245 1170 344 1208 non
377 1158 645 1222 operibus,
688 1171 789 1206 non
826 1157 1049 1220 insidiis,
1085 1170 1189 1207 non
1221 1172 1325 1221 op·-

246 1233 551 1299 pugnando,
587 1248 702 1297 qnae
739 1235 948 1298 proprie
986 1248 1069 1284 res
1112 1235 1312 1285 bellica

246 1317 387 1375 sunt,
428 1309 529 1360 sed
558 1309 784 1374 justitiae
818 1324 880 1360 ac
912 1309 1035 1360 fidei
1072 1310 1315 1375 exemplo

247 1386 485 1439 Faliscos
536 1402 567 1436 a
614 1387 838 1437 Camillo
881 1385 1127 1437 subactos
1178 1400 1314 1438 esse.

245 1464 347 1514 Sed
387 1464 522 1514 nibil
565 1476 884 1528 magnopere
923 1463 1131 1513 obstare
1166 1471 1325 1526 puto,·

244 1554 346 1605 qno
367 1540 541 1589 minus
561 1539 579 1567 ‘
594 1553 676 1588 res
700 1540 902 1591 bellica·
918 1538 933 1563 '
955 1539 1037 1589 bic
1062 1553 1152 1603 pro
1176 1540 1314 1590 bello

243 1629 305 1665 ac
340 1621 461 1666 tota
495 1615 700 1665 ratione
737 1615 871 1664 illius
906 1616 1189 1672 tractandi,
1225 1630 1315 1680 ge·

243 1691 418 1752 rendi,
472 1697 634 1757 atque
693 1690 1090 1743 administrandi
1146 1693 1316 1756 accipi

244 1767 452 1830 possit;
498 1775 560 1816 ut
597 1781 753 1833 quum
798 1767 993 1817 dicitur
1035 1771 1051 1798 ‘
1078 1783 1161 1819 res
1206 1768 1315 1818 fru-

242 1842 560 1907 mentaria,’
598 1844 615 1871 ‘
641 1842 978 1909 nummaria,'
1033 1845 1050 1872 ‘
1085 1844 1318 1901 uxoria‚'

241 1919 257 1946 ‘
278 1918 553 1984 pastoria.’
591 1919 675 1968 Ita
703 1919 755 1968 in
800 1920 1061 1984 scriptura
1097 1930 1318 1986 recepta

245 1996 546 2046 tolerabilis
567 2010 748 2046 sensus
765 2010 881 2047 esse
899 2004 1108 2064 potest;
1140 2000 1195 2050 ni
1211 1998 1317 2050 for·

241 2078 385 2122 tuna.
409 2070 738 2136 ‘imperatori
796 2072 1032 2124 Romano
1082 2073 1320 2125 dedisset

241 2150 516 2214 specimen
542 2149 769 2212 virtutis,
792 2148 845 2198 id
868 2158 966 2208 est,
987 2149 1111 2201 fidel
1136 2151 1321 2216 etjus·

240 2228 401 2289 titiam,
462 2224 550 2292 (ut
606 2238 726 2290 cap.
770 2242 879 2291 seq.
922 2227 1052 2277 dicit
1090 2226 1318 2293 Livius‚)

239 2302 370 2352 olim
410 2303 465 2352 in
510 2303 626 2366 ipso
666 2301 826 2365 bello,
864 2316 1030 2367 eoque
1084 2303 1318 2366 gerendo

242 2379 517 2442 cognitae3
551 2393 703 2443 quam
739 2381 818 2429 uti
851 2379 1040 2429 Falisci
1076 2380 1151 2429 ira
1173 2380 1317 2430 odio·

243 2469 348 2522 que
382 2453 640 2505 adversus
675 2456 931 2508 Romanos
961 2453 1186 2514 efferati,
1218 2471 1316 2507 nec

241 2534 307 2586 iis
332 2533 535 2583 similes
559 2546 636 2595 se,
652 2533 694 2582 si
714 2531 853 2583 idem
869 2545 1020 2582 casus
1040 2532 1141 2582 sibi
1163 2532 1317 2583 datus

241 2608 458 2674 fuisset,
481 2609 720 2659 hostibus
752 2622 852 2659 non
888 2610 1212 2673 praestituros
1239 2607 1317 2659 fu·

242 2687 355 2737 isse*
389 2685 650 2743 sciebant,
678 2686 752 2736 ita
784 2699 952 2750 neque
990 2700 1023 2736 a
1055 2684 1191 2735 duce
1230 2699 1321 2734 eo·

241 2753 360 2812 rum
397 2768 863 2826 exspectaverant.
898 2762 1037 2811 Duk.
1103 2761 1322 2811 Fortuna

239 2839 573 2904 maioris,
599 2838 809 2888 Romani
862 2834 1082 2901 praefert
1134 2835 1322 2900 fragm.

245 2914 395 2965 Hav.
437 2928 469 2963 a
509 2929 580 2963 m.
625 2929 731 2965 sec.
774 2913 977 2972 fortuna
1020 2912 1323 2976 maioris

245 2990 469 3040 Romano
504 2990 658 3039 Leid.
678 2994 730 3040 2.
752 2997 809 3040 et
828 2990 1051 3041 Gaertn.
1084 2990 1324 3049 issi-luno

240 3065 532 3129 imperatori
567 3065 777 3115 Romani
818 3064 956 3113 Hav.
1021 3064 1229 3114 Deinde
1257 3065 1323 3114 si·

244 3143 355 3191 mul·
380 3147 441 3191 stt
471 3141 681 3203 cognitis
713 3140 853 3191 rebus
889 3139 1068 3190 bellicis
1097 3139 1251 3202 Harl.
1270 3143 1323 3189 2.

245 3220 393 3267 simul
415 3222 473 3267 ut
493 3218 701 3279 cognita
729 3217 869 3266 rebus
889 3216 1067 3265 bellicis
1089 3215 1240 3265 Port.
1264 3222 1323 3266 et

247 3294 391 3345 Hav-
441 3294 590 3343 sitnia
621 3299 668 3343 et
699 3295 906 3357 cognita*
936 3293 1075 3343 rebus
1094 3296 1117 3341 'i
1144 3291 1326 3342 bellicis

247 3369 439 3436 fragm.
485 3370 630 3422 HaV.
698 3370 938 3435 Denique
986 3375 1036 3420 ct
1087 3374 1325 3420 maturam

248 3447 507 3497 victoriaem
545 3447 750 3497 dedisset
796 3460 972 3497 omnes
1018 3444 1172 3495 codd.
1204 3444 1325 3508 mei,

249 3524 348 3573 nisi
368 3523 516 3589 quod
538 3522 598 3571 τὸ
616 3528 667 3572 et
688 3537 722 3573 a
743 3537 810 3572 m.
828 3538 933 3573 sec.
953 3536 1159 3572 erasum
1184 3522 1254 3572 sit
1270 3521 1324 3577 in

252 3599 386 3651 Lor.
429 3604 482 3651 5.
525 3608 581 3649 et
625 3598 812 3663 fragm.
856 3599 994 3650 Har.
1073 3598 1324 3649 Similiter

251 3677 413 3727 etiam
447 3682 575 3726 ante
609 3677 912 3726 Rhenanum
947 3675 1113 3726 edidit
1135 3673 1323 3725 Aldus.

253 3751 405 3802 luter
445 3758 629 3802 errata
666 3758 840 3802 tamen
876 3752 1105 3816 priorem
1138 3751 1325 3801 lectio-

254 3840 372 3876 nem
392 3828 682 3877 revocavit.
739 3828 807 3877 Ei
825 3833 1061 3879 malcrum
1073 3827 1325 3878 ciclos-iaus

253 3903 384 3953 dedil
418 3903 601 3955 Oxou.
623 3904 685 3954 1..
712 3907 758 3954 1.
781 3911 838 3954 et
860 3905 921 3955 C.
945 3920 1075 3970 quos
1111 3904 1324 3954 Hearne

255 3979 450 4030 laudat.
522 3978 662 4028 Illud
702 3978 749 4028 ei
793 3994 860 4029 ex
892 3980 1201 4044 conjectura
1226 3991 1327 4030 re·

256 4055 430 4105 stituit
450 4054 691 4106 Gronov.
754 4054 934 4105 Solent
969 4062 1146 4106 autem
1169 4069 1325 4107 vocu-

257 4130 323 4179 1ae
364 4135 410 4180 et
454 4136 618 4195 atque
663 4131 709 4178 ei
752 4131 806 4180 in
844 4131 973 4183 Mss.
1004 4131 1328 4182 commutari.

258 4199 393 4256 Vide
424 4207 492 4256 ad
528 4220 646 4257 xm.
671 4210 752 4259 16.
772 4209 800 4271 ξ
822 4212 872 4258 6.
918 4208 1172 4260 Clericus
1216 4208 1326 4259 vul-

263 4290 430 4349 gatam
445 4286 787 4360 sseripturam
821 4291 1016 4351 tuetur,
1040 4285 1131 4336 sed
1156 4285 1326 4337 brevi-

2275 382 2456 455 76⁵9„

1392 549 1554 594 tatem
1565 543 1677 602 hie.
1701 549 1759 593 ut
1782 549 1838 593 et
1861 542 2005 608 alibi,
2028 541 2231 594 Livium
2264 543 2451 594 obscu-

1391 628 1503 669 rum
1540 618 1825 669 reddidisse
1864 625 2032 684 putat.
2097 620 2315 670 Sensum
2364 631 2452 668 au·

1390 700 1499 744 tem
1538 695 1639 745 boc
1678 695 1833 746 modo
1871 697 2118 759 supplet:
2164 697 2220 746 ni
2242 696 2451 756 seruato

1388 772 1666 836 insperatos-i
1709 772 1926 823 Rosam
1966 773 2173 823 dedisset
2220 773 2450 824 occasio·

1389 863 1507 897 nem
1545 848 1857 899 ostendendi
1886 849 2121 913 specimen
2150 850 2353 899 virtutis
2374 864 2452 900 re·

1389 923 1476 973 bus
1509 923 1691 973 bellicis
1717 925 1827 988 jam
1860 924 2083 987 cognitae,
2116 924 2211 974 sed
2243 925 2296 973 in
2331 924 2448 974 aliis

1389 1013 1508 1065 qnae
1551 1000 1619 1050 ad
1657 1001 2132 1065 magnanimitatem
2167 1002 2452 1066 pertinent,

1387 1076 1618 1127 nondum
1675 1077 1803 1127 satis
1855 1077 2087 1127 hostibus
2137 1085 2449 1142 perspectae.

1390 1153 1587 1203 Nescio
1625 1167 1692 1203 an
1734 1153 1848 1203 aliis
1892 1154 2025 1204 banc
2068 1152 2449 1217 expositionem

1389 1230 1778 1293 adprobaturus
1806 1231 1905 1281 sit:
1956 1229 2079 1279 mibi
2112 1236 2259 1279 certe
2292 1228 2452 1293 pluri-

1389 1320 1528 1356 mum
1561 1306 1846 1371 displicuit.
1913 1306 2071 1362 Nam,
2099 1311 2451 1369 preterquam

1389 1382 1525 1448 qnod
1552 1397 1704 1434 nemo
1732 1382 1939 1432 nimiam
1974 1381 2288 1432 brevitatem
2310 1381 2451 1430 inter

1391 1459 1541 1510 dotes
1575 1468 1666 1511 aut
1688 1459 1816 1510 vitia
1836 1460 1971 1510 Livii
2009 1460 2270 1517 retulerit.
2292 1464 2350 1509 ut
2376 1467 2453 1509 ta·

1391 1550 1508 1585 men
1543 1537 1889 1587 concedamus
1923 1535 2016 1601 (id.
2042 1536 2179 1602 quod
2216 1536 2452 1586 Clericus

1392 1612 1688 1676 contendit)
1724 1613 2142 1678 bracliyologiam
2190 1613 2452 1663 interdum

1392 1690 1596 1740 Livium
1641 1691 1920 1742 obscurum·
1960 1690 2271 1753 reddidisse,
2306 1691 2349 1740 si
2389 1705 2453 1740 es

1390 1765 1551 1818 fuerit
1589 1780 1733 1817 mens
1761 1783 1914 1833 qnam
1950 1769 2028 1817 vir
2058 1768 2243 1819 doctus
2275 1769 2454 1818 existi·

1390 1853 1517 1902 mat,
1549 1844 1677 1895 nibil
1710 1845 1994 1907 obscurius,
2028 1845 2181 1897 immo
2212 1845 2339 1894 nihil
2377 1845 2458 1894 in·

1390 1921 1565 1986 eptius
1599 1935 1661 1972 ac
1683 1921 1919 1971 vitiosius
1948 1919 2051 1970 dici
2090 1934 2262 1984 posse,
2282 1918 2458 1970 faten-

1391 1997 1517 2046 dum
1550 2003 1653 2047 est.
1720 1996 1849 2049 Quis
1886 1995 2042 2057 enim,
2064 1996 2159 2045 nisi
2192 2011 2223 2045 a
2247 1995 2454 2046 Clerico

1391 2072 1600 2137 doctus,
1640 2072 1971 2130 credidisset,
2009 2073 2026 2101 ‘
2051 2071 2262 2124 fortuna
2308 2072 2456 2123 dedit

1391 2147 1689 2214 specimen’
1716 2156 1920 2212 notare,
1951 2148 2164 2200 fortuna
2186 2148 2334 2199 dedit
2366 2164 2455 2200 oc-

1391 2229 1651 2278 casionem
1671 2225 1975 2276 ostendendi
1992 2227 2285 2291 specimen?
2312 2227 2457 2276 Pre-

1391 2310 1537 2354 teres
1571 2317 1637 2354 an
1659 2302 1885 2355 dicendo
1900 2305 1917 2333 ‘
1939 2304 2104 2354 virtus
2134 2303 2287 2354 rebus
2308 2303 2454 2353 belli·

1392 2380 1467 2429 cis
1491 2378 1724 2443 cognita’
1747 2379 1899 2430 simul
1923 2379 2184 2430 indicatur
2207 2380 2459 2430 virtutem

1392 2454 1507 2505 aliis
1543 2455 1700 2505 rebns
1738 2455 1966 2506 nondum
2005 2456 2264 2521 cognitam
2305 2457 2458 2507 esse?

1391 2531 1601 2581 Deinde
1634 2546 1786 2600 qna-m
1823 2531 1959 2581 bella
1989 2532 2101 2583 boec
2137 2532 2458 2596 conjunctio,

1390 2607 1579 2660 ‘dedit
1612 2609 1879 2672 specimen
1916 2617 1973 2658 et
2014 2607 2323 2672 victoriam‚’
2362 2624 2522 2674 prees

1393 2686 1542 2736 dedit
1576 2688 1904 2737 occasionem
1939 2686 2249 2737 ostendendi
2288 2687 2458 2750 speci·

1393 2773 1532 2826 men,
1545 2762 1767 2813 et‘dedit
1782 2763 2086 2813 victoriam?
2116 2778 2294 2813 sensus
2318 2777 2455 2813 com-

1393 2839 1560 2889 munis
1603 2839 1886 2903 exegisset,
1928 2844 1988 2888 ut
2026 2839 2072 2889 si
2117 2837 2455 2903 ‘specimen’

1392 2922 1605 2968 notaret
1633 2916 1959 2965 occasionem
1993 2914 2303 2966 ostendendi
2339 2930 2457 2980 spe-

1392 2992 1582 3055 cimen,
1615 2992 1664 3042 ei
1693 2992 1884 3055 juncta
1906 2997 1921 3020 ‘
1941 2989 2189 3041 victoria'
2218 2991 2458 3042 similiter

1393 3074 1603 3118 notaret
1640 3067 1964 3117 occasionem
2005 3066 2317 3117 ostendendi
2354 3067 2462 3118 vic·

1396 3144 1619 3195 toriamz
1670 3143 1807 3209 quod
1848 3142 1973 3192 ferri
2023 3142 2225 3208 nequit.
2290 3143 2464 3193 Solito

1394 3219 1601 3270 felicior
1621 3220 1704 3269 bic
1735 3217 1838 3269 fuit
1860 3219 2163 3283 Doujatius,
2186 3218 2276 3286 qni
2301 3219 2459 3269 verba

1397 3295 1615 3346 retineri
1648 3308 1801 3359 posse
1838 3301 2037 3357 censet,
2069 3301 2128 3345 ut
2163 3295 2459 3360 intelligan-

1397 3379 1483 3423 tur
1507 3371 1611 3422 duo
1638 3369 1816 3436 fuisse,
1840 3386 1954 3436 qnoe
1990 3371 2215 3421 celerem
2238 3371 2460 3421 Camillo

1398 3447 1665 3498 victoriam
1706 3446 2083 3510 praestiterintz
2133 3455 2189 3498 et
2226 3445 2457 3505 fortuna,

1397 3539 1514 3591 quae
1536 3524 1741 3575 scilicet
1769 3524 2093 3574 occasionem
2128 3524 2355 3588 praebuit
2377 3539 2459 3574 os·

1398 3602 1673 3653 tendenda
1697 3599 1819 3650 fidei
1854 3607 1911 3650 et
1942 3599 2279 3649 humanitatis
2301 3609 2460 3649 antea

1395 3677 1701 3741 incognitae,
1729 3682 1786 3726 et
1818 3675 1970 3725 simul
2002 3675 2266 3739 specimen
2303 3678 2460 3738 paulo

1395 3760 1520 3803 ante
1542 3752 1609 3802 ab
1632 3766 1695 3802 eo
1717 3750 1918 3801 editum
1949 3751 2078 3801 satis
2108 3751 2332 3815 cognita
2355 3749 2462 3800 vir.

1397 3832 1526 3881 tntis
1562 3829 1784 3880 bellicas.
1845 3828 1961 3891 Ego
1997 3826 2153 3877 etiam
2193 3827 2460 3891 vulgatum

1396 3904 1709 3957 servandum
1742 3910 1890 3969 puto,
1912 3910 1966 3955 et
2000 3903 2150 3953 simul
2174 3917 2291 3953 eum
2316 3917 2380 3954 eo
2401 3903 2461 3952 τὸ

1397 3987 1447 4032 st
1478 3997 1508 4031 a
1531 3981 1779 4031 Rhenano
1812 3980 2083 4042 insertum,
2105 3979 2242 4044 quod
2278 3993 2461 4031 secun·

1398 4058 1522 4108 dum
1547 4057 1865 4109 Gronovium
1888 4056 1974 4108 hic
1998 4056 2349 4108 dissociabilis
2370 4071 2461 4107 co-

1399 4132 1566 4197 pulat.
1631 4132 1825 4181 Verum
1849 4130 1974 4181 illud
1993 4145 2095 4182 non
2115 4146 2212 4197 pro
2232 4133 2247 4159 ‘
2267 4127 2464 4195 atque,’

1401 4209 1494 4262 sed
1543 4223 1639 4273 pro
1673 4208 1909 4275 ‘etiam,’
1952 4207 2190 4273 adeoque
2230 4209 2463 4272 specim

1401 4299 1504 4338 nou
1537 4299 1712 4336 casum
1735 4290 1980 4351 quartum
2002 4298 2136 4349 esse,
2157 4291 2216 4335 ut
2242 4284 2461 4336 voluisse
