2934 4925
750 391 820 439 τ.
870 386 1055 444 mvn
1108 386 1307 442 msr.
1354 388 1503 440 mu.
1550 391 1618 441 v.
1664 389 1831 442 cst.
1872 376 1980 444 25.

262 530 501 594 sigonius
525 531 580 583 in
602 537 714 583 vet.
739 533 830 584 lib.
853 534 1074 599 invenit,
1089 549 1191 585 non
1219 543 1326 585 tau-

263 616 372 659 tum
395 607 695 672 praefernnt
715 623 893 660 omues
917 612 1121 675 scripti,
1156 612 1247 661 sed
1270 619 1326 663 et

262 685 410 750 editi,
454 687 557 735 nisi
612 687 753 751 quod
790 693 980 738 walcra
1015 689 1082 738 sit
1125 690 1178 739 in
1222 704 1324 739 uno

258 763 397 812 Flor.
420 769 480 812 et
505 764 645 827 quod
671 779 845 828 operm
881 766 1323 830 typographorum

258 854 354 904 per
377 854 615 889 errorem
652 841 703 890 in
740 842 1200 893 Basileensi1555.
1233 842 1322 893 de·

262 917 433 967 derint
476 923 732 969 craterem.
797 918 905 968 Sed
953 920 1066 970 voci
1119 921 1321 971 urinas

257 999 472 1058 autera,
515 994 600 1044 cui
646 994 952 1045 Graecorum
1007 997 1199 1061 Κρατὴρ
1242 1013 1321 1046 re·

259 1069 500 1133 spondet,
556 1071 963 1121 controversiam
1017 1081 1210 1135 movet,
1263 1080 1321 1124 et

260 1145 431 1194 omnia
451 1147 589 1207 loca,
607 1146 698 1196 nbi
721 1147 999 1209 reperitur,
1024 1149 1075 1198 in
1110 1149 1319 1200 dubium

259 1228 410 1272 vocat
443 1223 761 1276 Freinshem.
785 1225 838 1273 in
864 1225 967 1275 ind.
994 1227 1244 1277 curtiano
1265 1229 1318 1277 in

256 1312 365 1348 voc.
398 1301 677 1363 ‘cratera‚’
697 1306 754 1352 et
790 1316 886 1365 pro
919 1308 1155 1354 craterum
1192 1305 1318 1354 scri·

258 1375 485 1425 bendum
525 1377 738 1439 conjicit
778 1383 986 1440 crotera,
1030 1389 1138 1429 tnm
1178 1379 1315 1443 apud

257 1452 492 1502 Curtium
517 1467 599 1502 ιν.
619 1458 667 1503 8.
693 1454 746 1503 in
764 1453 886 1517 fine,
908 1461 1016 1505 tum
1037 1455 1178 1519 apud
1202 1456 1314 1505 Liv.

255 1528 350 1579 hoe
372 1530 512 1594 loeo,
536 1531 667 1591 sive,
691 1529 781 1599 uhi
801 1531 982 1580 eadem
1005 1544 1105 1581 vox
1129 1531 1315 1581 obcur-

256 1605 337 1661 rit,
369 1620 417 1656 c.
443 1609 530 1656 28.
597 1607 797 1656 Verum
844 1607 919 1658 ita
955 1616 1175 1673 utroque
1199 1609 1316 1658 loco

255 1695 347 1745 pro
367 1697 583 1745 auream,
604 1683 742 1748 qnod
766 1690 1067 1733 constanter
1088 1684 1140 1733 in
1172 1683 1315 1733 libris

254 1759 492 1809 omuibus
506 1766 767 1823 superest,
779 1761 934 1810 etiam
961 1762 1314 1825 reponendum

252 1833 386 1885 foret
406 1851 626 1886 aureum.
689 1837 962 1889 Quomodo
985 1839 1097 1902 ipse
1132 1839 1314 1888 Frein-

252 1914 410 1964 shem.
450 1915 688 1978 ejusdem
723 1915 953 1965 historiae.
997 1917 1312 1967 mentionem

247 1990 442 2042 faciens
458 1993 515 2041 in
529 1994 786 2058 supplem.
813 1994 927 2044 Li'v.
939 1996 972 2045 1.
984 2008 1151 2046 xvur.
1163 2010 1209 2046 c.
1226 1999 1311 2047 46.

170 2094 175 2098 -
246 2075 478 2120 craterem
501 2084 700 2139 aureum
723 2070 921 2121 scribit.
988 2073 1149 2122 Forte
1172 2086 1310 2122 eam·

247 2143 362 2192 dem
403 2145 476 2194 ob
516 2161 751 2196 caussam
783 2145 843 2196 τὸ
875 2152 1114 2198 crateram
1146 2149 1307 2200 etiam

245 2218 437 2283 Pighio
459 2221 753 2284 displicuit,
775 2223 866 2287 qni
899 2238 993 2287 pro
1030 2239 1095 2275 eo
1129 2231 1307 2275 croter-

243 2310 346 2345 rom
366 2298 664 2349 substituit.
706 2300 937 2350 Creterra
960 2307 1153 2364 antem,
1177 2303 1306 2367 sive,

245 2378 302 2422 ut
336 2374 429 2424 alii
471 2375 678 2437 legunt,
716 2382 945 2439 creterra,
985 2384 1100 2427 erat
1133 2379 1307 2437 situla,

248 2451 683 2516 quemadmodum
706 2453 1108 2505 Non.Marcell.
1139 2455 1305 2514 Isido-

161 2574 171 2584 ,
245 2543 349 2590 rus,
374 2536 437 2579 ct
473 2530 564 2579 alii
596 2517 902 2580 docuerunt.
969 2531 1105 2580 Vide
1123 2531 1306 2582 Barth.

242 2606 304 2655 ad
330 2606 501 2656 Statii
523 2606 686 2657 Theb.
710 2620 775 2656 11.
797 2612 881 2657 76.
943 2608 1117 2658 Etiam
1141 2609 1304 2659 Dans-

243 2682 451 2746 queinm
479 2684 536 2731 in
570 2682 821 2745 Orthogr.
849 2691 985 2747 part.
1010 2698 1074 2736 11.
1100 2686 1150 2735 in
1174 2701 1303 2737 voce

237 2761 251 2786 ‘
271 2758 507 2822 Crater,'
542 2760 922 2821 respiciendum
955 2774 1070 2810 esse
1105 2764 1305 2811 monuit

240 2836 506 2886 Duker-ns.
590 2837 719 2885 Mihi
742 2837 810 2886 ob
829 2837 978 2887 codd.
997 2852 1303 2889 eonsensum

239 2914 457 2978 vulgata
511 2913 772 2976 scriptura
826 2919 1060 2964 aderam
1109 2930 1304 2965 aunam

239 2989 472 3046 noudum
532 2989 796 3053 displicet.
883 2991 1130 3040 Ceterum
1179 2993 1305 3052 auri,

237 3082 332 3131 pro
352 3083 570 3124 auream,
610 3076 689 3118 est
729 3069 782 3117 in
804 3069 932 3118 Lov.
954 3073 1004 3119 4.
1071 3072 1185 3120 Vox
1209 3086 1300 3120 su·

237 3151 341 3193 tem
380 3144 572 3207 placuit
610 3158 711 3192 non
748 3143 968 3207 adparet
998 3144 1053 3193 in
1088 3146 1217 3197 Lov.
1252 3150 1302 3196 2.

237 3220 567 3283 negligentia
589 3220 805 3269 librarii.

299 3298 428 3353 Qua
449 3299 627 3345 donum
648 3297 860 3360 Apollird
902 3298 1112 3361 Delphos
1138 3304 1300 3363 porto-

232 3374 391 3437 moer]
422 3374 564 3428 Quod
581 3374 755 3422 donum
779 3371 994 3437 praefert
1016 3376 1155 3424 Flor.
1178 3391 1208 3424 a
1231 3392 1299 3427 m.

232 3450 537 3499 recentiori.
601 3450 736 3499 Vide
760 3451 823 3500 ud
849 3454 1155 3510 xxx11.18⁰.
1193 3456 1221 3518 ξ
1246 3459 1297 3503 5.

234 3527 403 3575 donum
414 3526 675 3589 Apollinis
698 3526 847 3575 Harl.
869 3531 918 3577 2.
937 3538 991 3576 ut
1015 3543 1064 3577 c.
1083 3534 1164 3579 22.
1188 3530 1204 3557 ‘
1223 3529 1294 3579 A·

236 3604 402 3652 moliri
440 3610 554 3651 tum
580 3602 745 3651 Deum
770 3602 906 3653 dona
928 3604 1170 3669 ipsosque
1189 3605 1293 3655 De·

233 3692 286 3727 os
329 3678 593 3742 crepere!
659 3678 760 3727 Sed
809 3680 1022 3728 aliorum
1067 3681 1291 3729 omnium

233 3754 492 3805 dissensus
532 3754 692 3805 efficit
728 3761 787 3805 ut
825 3758 1087 3820 vulgatum
1125 3760 1294 3807 verius

233 3832 547 3882 existimem.
630 3832 794 3894 Supra
828 3845 870 3880 1.
913 3837 992 3881 56.
1028 3831 1292 3883 ‘Aureum

235 3910 500 3975 baculum,
523 3910 778 3959 inclusum
803 3924 994 3958 corneo
1018 3919 1206 3960 cavato
1230 3910 1297 3960 ad

234 3979 283 4035 id
301 3988 511 4044 baculo,
539 3987 722 4035 tulisse
742 3985 934 4035 donum
957 3985 1192 4052 Apollini
1215 3988 1292 4037 di·

237 4062 407 4114 titur.³
442 4076 510 4112 11.
532 4065 616 4111 23.
651 4068 667 4090 ‘
686 4061 942 4111 Coronam
969 4076 1176 4112 auream
1198 4064 1292 4115 Jo-

2285 377 2457 445 ⁷651

1402 535 1640 599 pitolium
1663 536 1832 586 tulere
1851 535 1889 585 τ’
1921 544 1974 586 et
1997 534 2072 586 itu
2095 536 2303 600 passim.

1465 612 1494 675 ς
1521 615 1581 661 11
1616 612 1774 662 Simul
1805 612 1866 662 ab
1903 612 2134 675 religione
2165 613 2346 662 animos
2377 628 2455 663 re·

1396 689 1647 747 miserunt,
1688 690 1938 749 integrant
1986 689 2284 754 seditionem]
2316 690 2458 740 Sunii

1395 763 1539 812 simul
1574 764 1636 813 ab
1677 765 1764 812 rel.
1798 767 1981 814 numos
2014 765 2173 815 renis.
2217 764 2367 814 Letd.
2402 771 2455 815 2.

1394 840 1501 890 Sed
1525 840 1650 889 illud
1684 840 1821 891 Sunii
1843 855 2017 890 errore
2054 841 2244 892 scrihae
2268 849 2447 892 natum

1396 924 1480 965 est
1501 931 1568 965 ex
1594 919 1831 980 proxima
1852 932 1978 968 voce
2001 917 2175 968 Simul.
2219 917 2383 968 Simul
2400 924 2456 968 ut

1394 993 1457 1042 ab
1493 993 1722 1055 religione
1752 995 1979 1058 Neapol.
2017 994 2226 1045 Latinii.
2314 994 2453 1045 Vide

1397 1073 1572 1136 paullo
1601 1070 1740 1121 infra
1775 1072 1839 1122 ad
1878 1074 2010 1137 §lin
2077 1072 2230 1122 Shuni
2264 1073 2325 1122 ab
2359 1074 2453 1126 rel.

1393 1148 1606 1198 homines
1625 1150 1808 1198 animos
1844 1151 2005 1198 remis.
2042 1148 2191 1197 Harl.
2230 1154 2278 1198 2.
2324 1150 2451 1199 Lovt.

1392 1229 1442 1276 2.
1460 1230 1511 1275 4.
1529 1233 1578 1276 6.
1615 1226 1763 1276 Port.
1789 1233 1844 1276 et
1870 1226 2008 1278 ΗΠ.
2076 1227 2147 1275 Et
2182 1226 2258 1275 ita
2288 1229 2448 1278 etism

1392 1302 1615 1352 Guertn.
1635 1293 1730 1352 nisi
1745 1304 1881 1369 qnod
1898 1302 2147 1367 praeferst
2167 1305 2453 1366 &religione-

1394 1378 1593 1428 Vernm
1613 1377 1672 1428 τὸ
1692 1380 1900 1429 homines
1924 1392 2193 1443 perperam
2212 1379 2445 1430 additum

1392 1462 1475 1504 est
1496 1455 1561 1506 ab
1582 1456 1704 1519 illis,
1718 1456 1905 1520 quibus
1931 1455 2142 1506 verbnm
2163 1457 2452 1506 remiserunt

1391 1531 1505 1580 sine
1560 1532 1790 1594 nomine,
1836 1531 1976 1595 quod
2019 1532 2070 1581 ei
2121 1533 2451 1596 respondeat,

1391 1607 1515 1671 poni
1537 1608 1880 1672 displicebam
1915 1609 2050 1674 quod
2091 1616 2265 1659 tamen
2302 1610 2447 1660 Livio

1390 1681 1634 1748 frequens
1667 1699 1803 1749 esse,
1825 1684 2116 1734 videbimus
2149 1685 2214 1732 ad
2243 1698 2448 1736 xxxiv·

1388 1760 1523 1823 56.§
1558 1763 1637 1809 11.
1705 1761 1895 1810 Posset
1935 1760 2125 1825 conjici
2168 1761 2446 1823 legendum

1389 1848 1507 1885 esse
1528 1835 1687 1885 Simul
1705 1836 1766 1886 ab
1788 1838 1875 1886 rel.
1897 1838 2049 1886 animi
2070 1837 2231 1886 remis.
2248 1844 2307 1886 ut
2328 1838 2345 1865 ⁸
2363 1850 2446 1886 re-

1385 1910 1599 1961 mittere
1617 1910 1634 1933 ’
1650 1912 1891 1962 absolute
1910 1913 2019 1962 sine
2036 1926 2161 1962 cusu
2185 1919 2408 1976 ponatur
2419 1929 2438 1974 ;

1387 1986 1454 2036 de
1477 2002 1580 2052 qno
1600 1988 1717 2038 vide
1737 1987 1804 2037 ad
1828 2003 1890 2039 11.
1915 1992 1998 2039 84.
2019 1991 2047 2054 ς
2069 1993 2120 2039 6.
2187 1990 2292 2038 Sed
2315 1989 2443 2040 invi·

1388 2063 1455 2112 tis
1497 2064 1639 2114 libris
1696 2065 1818 2115 nihil
1871 2066 2174 2115 mutandum
2226 2081 2435 2118 censeo.

1384 2140 1514 2189 Mox
1534 2141 1728 2203 integri
1746 2143 2019 2192 seditionem
2038 2140 2221 2206 fragm.
2246 2143 2381 2193 Hav.
2402 2157 2435 2193 a

1383 2232 1451 2267 m.
1480 2233 1561 2281 pr.
1608 2219 1815 2270 interant
1832 2220 2109 2270 seditionem
2130 2221 2278 2271 Harl.
2303 2226 2352 2272 2.
2374 2227 2437 2271 ut

1385 2293 1599 2346 dubium
1628 2297 1693 2345 sit
1730 2304 1900 2346 utrum
1922 2297 2092 2348 scriba
2113 2298 2239 2347 dare
2260 2298 2437 2348 volne-

1385 2373 1456 2423 rit
1499 2374 1680 2423 iterant
1720 2375 2023 2434 seditionem,
2063 2388 2129 2423 an
2183 2375 2444 2437 integrunt.

1384 2448 1487 2500 Sed
1543 2451 1625 2500 hic
1677 2449 1834 2500 etiam
1887 2450 2155 2514 vulgatum
2202 2450 2440 2515 praefero.

1382 2527 1401 2556 ⁵
1419 2526 1620 2575 Iterare
1640 2525 1655 2548 '
1709 2535 1765 2577 et
1820 2528 1837 2555 ⁸
1860 2527 2121 2590 integrare
2147 2527 2163 2550 ’
2211 2528 2334 2578 alibi
2386 2531 2439 2578 in

1383 2604 1596 2665 scriptis
1656 2611 2059 2653 conmutantur.
2167 2605 2304 2654 Vide
2372 2607 2438 2656 nd

1382 2692 1592 2729 xxvm.
1615 2684 1695 2728 15.
1719 2680 1748 2743 §
1774 2682 1853 2730 10.
1891 2678 2193 2742 ‘Integrare
2213 2679 2230 2702 ⁹
2261 2688 2437 2730 antem

1381 2770 1524 2820 sepe
1540 2755 1680 2819 apud
1704 2755 1905 2804 Livium
1930 2755 2136 2805 obvium
2148 2763 2246 2807 est.
2299 2755 2436 2806 Vide

1379 2831 1446 2880 ad
1471 2845 1557 2881 ιιι.
1576 2835 1658 2881 70.
1681 2833 1709 2896 §
1731 2836 1781 2883 6.
2164 2861 2170 2868 ·

1444 2908 1688 2959 Ine-itum·
1706 2909 1957 2958 multitudo
1986 2908 2042 2957 in
2071 2923 2229 2958 omnes
2256 2909 2439 2972 prinei·

1373 3000 1479 3051 με,
1520 2991 1631 3036 onte
1663 2986 1784 3036 otios
1821 2987 1874 3035 in
1921 2979 2435 3049 ConsiliumTMonens

1372 3063 1616 3127 principes
1638 3064 1777 3113 Hav.
1844 3063 2181 3113 Deindeaunte
2203 3077 2362 3115 omnes
2379 3066 2433 3115 iis

1380 3140 1517 3189 Cam.
1543 3139 1691 3189 Harl.
1713 3145 1763 3191 2.
1797 3141 1944 3189 Port.
1974 3148 2029 3189 et
2070 3141 2202 3190 Hav.
2238 3147 2432 3191 utram·

1375 3215 1480 3279 qne'
1517 3217 1794 3265 lectionem
1834 3224 2009 3269 servat
2050 3216 2268 3267 Gaertn.
2319 3223 2432 3267 ente

1372 3306 1532 3342 omnes
1552 3292 1671 3341 alios
1688 3292 1739 3341 ia
1761 3294 1898 3342 Cam.
1919 3292 2223 3355 preferens.
2252 3294 2428 3345 Valer-

1372 3369 1519 3418 Max.
1544 3382 1648 3419 vn.
1671 3374 1718 3418 3.
1740 3385 1825 3419 ex.
1857 3375 1908 3419 2.
1943 3373 1959 3398 ⁶
1982 3370 2084 3422 Qui
2108 3377 2230 3420 ante
2252 3361 2429 3421 omnes

1373 3446 1529 3494 matri
1554 3447 1783 3495 osculum
1807 3437 2077 3495 dedisset-⁸
2130 3445 2334 3495 Curtius
2350 3459 2428 3496 vt.

1374 3526 1424 3570 6.
1472 3522 1620 3571 ‘Rex
1649 3529 1770 3570 ante
1807 3536 1983 3570 omnes
2017 3529 2228 3572 moestus
2252 3525 2425 3588 cupie-

1375 3598 1467 3647 bat
1490 3597 1697 3662 quidem
1721 3596 2039 3648 subsistere?
2082 3599 2186 3647 Sed
2209 3614 2310 3648 vox
2327 3616 2424 3649 om·

1366 3673 1448 3722 nis
1490 3671 1643 3723 modo
1683 3673 1969 3736 praecessit.
2047 3673 2265 3726 Ovidius
2308 3676 2421 3725 Me·

1372 3756 1497 3800 tam.
1525 3762 1580 3798 x.
1605 3753 1717 3799 120.
1752 3749 1768 3776 ‘
1786 3749 1888 3798 Sed
1913 3757 2087 3799 tamen
2122 3759 2243 3800 aute
2275 3753 2422 3817 alios,

1370 3827 1496 3876 Ceae
1514 3825 1854 3889 pulcherrime
1870 3825 2060 3888 gentis,
2078 3826 2270 3876 Gratus
2288 3836 2425 3892 erut,

1368 3902 1667 3966 cyparisse,
1691 3900 1821 3951 tibi!
1884 3901 2060 3951 Livius
2081 3916 2121 3951 ι.
2137 3907 2185 3952 9.
2218 3906 2232 3932 ‘
2251 3905 2422 3954 Unam

1369 3979 1524 4041 longe
1549 3984 1672 4027 ante
1697 3978 1823 4026 alias
1846 3977 2021 4041 specie
2041 3986 2096 4027 et
2133 3980 2419 4043 pulchritu-

1367 4054 1490 4104 dine
1513 4055 1761 4117 insignem
1785 4068 1817 4103 a
1847 4053 2002 4118 globo
2039 4055 2288 4104 Thalassii
2326 4071 2415 4105 eu-

234 4140 285 4189 vi
320 4139 516 4191 ddnnm
561 4139 614 4187 in
669 4136 982 4199 Capitolium
1037 4138 1293 4191 mittunt.'
1356 4133 1570 4198 jusdam
1586 4132 2018 4198 raptamferunt.’
2047 4129 2418 4185 xum-‘Vex-

240 4231 324 4268 ιιι.
346 4219 429 4268 57.
449 4218 465 4244 ‘
483 4216 800 4279 Donnmque
819 4212 888 4262 ob
911 4228 1027 4264 eam
1049 4213 1174 4265 Jovi
1199 4232 1290 4281 op-

233 4293 359 4346 timo
374 4292 604 4345 maximo
621 4305 863 4344 coronam
886 4292 1164 4344 aureamin
1190 4294 1287 4345 Ca·

1364 4212 1438 4261 ati
1467 4225 1666 4274 omnes,
1686 4217 1741 4261 et
1758 4218 1883 4262 ante
1905 4212 2032 4262 alios
2054 4225 2146 4260 rex
2171 4211 2324 4275 ipse.⁸

1426 4288 1456 4352 ξ
1479 4291 1541 4339 12
1574 4288 1701 4341 Eum
1716 4289 1930 4353 pradum
1957 4287 2262 4340 veientem
2291 4286 2412 4352 pub·
