2934 4925
469 397 648 465 7856

472 557 490 587 ⁸
514 555 959 627 advertere‚’.pro
994 563 1429 622 animadvertere,
1456 572 1542 617 est

473 643 628 685 κυνὶ
648 641 729 687 46.
762 639 965 691 ‘Situm
1006 643 1150 692 urbis
1183 644 1411 710 undique
1451 644 1536 694 ad·

472 710 718 775 spiciens,
739 730 889 779 quam
919 732 1019 767 non
1040 719 1152 769 sine
1170 734 1349 770 caussa
1369 720 1543 771 delec-

475 785 584 838 tam
607 803 722 840 esse
741 793 937 855 regiam
957 794 1219 847 advertit?
1254 797 1393 847 Vide
1407 798 1541 848 Bur·

478 877 653 914 mann.
674 866 739 917 ad
765 869 939 920 Gratii
964 873 1159 937 Cyneg.
1181 889 1257 926 vs.
1274 878 1389 925 148.
1454 876 1541 926 In-

475 943 686 995 terdum
710 961 832 997 vero
868 950 884 977 ⁸
909 948 1185 1001 advertere
1204 950 1218 972 ’
1251 960 1307 1001 et
1346 959 1361 981 ‘
1382 956 1544 1002 anim-

473 1018 753 1073 advertere
768 1021 784 1044 ’
806 1027 1106 1076 commutari
1125 1028 1294 1077 solent
1312 1029 1365 1077 in
1381 1030 1542 1094 scrip-

475 1097 564 1148 tis.
629 1098 766 1149 Vide
787 1099 947 1150 Corte
981 1102 1047 1152 ad
1078 1103 1235 1153 Plinii
1261 1105 1432 1168 Epist.
1454 1120 1545 1155 ιιι.

478 1177 557 1224 18.
581 1175 609 1239 §
632 1177 681 1225 8.
706 1181 763 1226 et
796 1175 934 1226 infra
963 1184 1146 1229 notata
1167 1180 1266 1229 hoc
1289 1179 1380 1230 lib.
1405 1181 1470 1230 ad
1495 1197 1543 1231 c.

476 1255 558 1302 23.
596 1254 700 1316 §8-
751 1252 922 1304 Quum
959 1260 1134 1306 tamen
1174 1256 1261 1306 alii
1299 1257 1454 1308 codd.
1490 1260 1544 1309 in

473 1325 748 1390 ‘vulgatum
777 1330 1098 1395 conspirent,
1128 1334 1227 1383 nisi
1251 1333 1389 1398 qnod
1414 1336 1550 1385 solus

476 1402 640 1453 Leid.·
670 1407 718 1453 2.
764 1412 931 1456 totam
971 1423 1152 1458 vocem
1204 1411 1548 1462 animadvertit

475 1477 787 1541 neglexerit,
810 1480 896 1530 hic
919 1482 1044 1532 nihil
1083 1468 1387 1534 mutandum
1410 1487 1547 1537 arbi-

476 1560 607 1603 tror.
674 1554 884 1606 Deinde
909 1557 1043 1621 ignis
1072 1559 1124 1608 in
1146 1561 1377 1622 objectam
1400 1562 1548 1614 Leid.

475 1633 529 1680 2.
552 1629 691 1681 forte
717 1646 812 1697 pro
834 1634 991 1696 ignes.
1047 1634 1152 1686 Se’d
1177 1636 1403 1702 reliqui·
1385 1654 1547 1700 rgnem

478 1713 625 1757 recte
654 1716 883 1759 serrant.
948 1710 1083 1761 Tum
1100 1713 1374 1774 «conjectam
1395 1729 1547 1778 sepem

473 1781 601 1833 edd.
625 1791 757 1835 vett.
785 1800 958 1854 nsque·
973 1786 1038 1837 ad
1053 1788 1273 1846 Aldum,
1297 1792 1383 1855 qui
1415 1792 1548 1842 bene

473 1861 711 1922 reposuit
746 1860 990 1923 objectam.
1051 1864 1181 1914 Mox
1217 1869 1352 1916 enim
1384 1869 1400 1896 ‘
1424 1883 1547 1918 con·

468 1935 567 1999 jici
583 1935 597 1958 '
619 1938 876 2002 sequitur.
912 1940 1097 2003 Soepem
1120 1942 1277 1993 habet
1303 1946 1441 1994 Flor.
1462 1946 1546 1996 hic

480 2019 540 2062 et
559 2028 679 2063 mox
701 2017 731 2079 ξ
751 2030 862 2080 seq.
909 2016 1046 2067 Vide
1069 2019 1134 2068 ad
1162 2021 1273 2072 Liv.
1298 2035 1422 2072 vus.
1444 2030 1494 2075 8.
1518 2026 1546 2090 §

484 2093 566 2139 10.
622 2093 859 2158 Denique
902 2095 1162 2147 coiciturus
1201 2100 1270 2147 sit
1315 2100 1461 2149 Leid.
1503 2106 1549 2151 1.

481 2181 571 2229 quo
590 2168 798 2219 iciturus
824 2172 889 2219 sit
915 2171 1067 2222 Harl.
1084 2178 1133 2223 1.
1165 2175 1392 2236 conjussit
1408 2168 1548 2228 Flor.

483 2255 514 2291 a
536 2257 614 2292 ιιι.’
630 2259 708 2308 pr.
730 2246 783 2294 in
825 2262 927 2312 quo
958 2250 1108 2300 conici
1126 2251 1278 2313 jussit
1300 2271 1329 2303 a
1353 2270 1419 2306 ιιι.
1441 2270 1547 2308 sec.

482 2318 818 2371 emendatum
842 2330 941 2373 est.

548 2394 764 2455 Etforte
787 2403 890 2448 erat
924 2400 998 2451 vis
1029 2418 1205 2466 mag-na
1241 2407 1374 2456 venti
1405 2423 1544 2458 versa

485 2471 543 2519 ιἰι
562 2472 765 2539 hostem]
801 2475 934 2526 Pan.
958 2479 1062 2529 dno
1084 2482 1213 2531 Mss.
1235 2489 1283 2532 et
1297 2486 1545 2545 seroforte

480 2555 603 2600 erat.
650 2551 1059 2620 Dispiciendnm,
1077 2559 1201 2622 qnid
1238 2560 1320 2610 hic
1344 2570 1465 2627 agat
1484 2562 1544 2611 τὸ

480 2640 606 2676 sero.
642 2627 811 2678 Gebh.
876 2632 948 2681 Et
969 2647 1074 2682 sero
1095 2634 1235 2692 sorte
1273 2643 1376 2687 erat
1412 2639 1541 2689 Lov.

482 2705 531 2750 3.
583 2710 632 2753 et
651 2720 756 2754 sero
775 2713 904 2759 sorte
925 2716 1030 2760 erat
1052 2710 1207 2762 Voss.
1228 2718 1275 2764 2.
1345 2716 1463 2765 Nisi
1485 2716 1544 2766 τὸ

479 2792 585 2827 sero
608 2793 640 2828 a
662 2780 873 2833 librario
896 2786 1030 2834 male
1051 2786 1415 2853 interpositum
1454 2794 1544 2855 sit,

480 2853 762 2918 legendnm
803 2868 1044 2922 putarem
1080 2868 1129 2913 et
1170 2880 1281 2915 vero
1300 2868 1437 2926 sorte
1470 2871 1544 2920 via

484 2946 685 2994 magna.
752 2935 888 2986 Dnoe
917 2939 997 2989 hae
1022 2943 1219 2993 vocnlae
1244 2951 1292 2994 et
1313 2960 1423 2995 vero
1447 2962 1543 2998 sae·

481 3007 601 3071 pius
630 3009 771 3074 apud
806 3011 1115 3069 Ciceronem.
1138 3018 1339 3081 junctae
1360 3023 1543 3073 obcur-

484 3082 626 3136 rnnt.
706 3088 776 3136 Et
806 3087 943 3149 sorte
977 3097 1050 3142 est
1078 3094 1156 3143 vis
1191 3097 1410 3150 Gaertn.
1447 3102 1539 3152 sed

482 3168 590 3212 erat
627 3173 836 3214 servant
874 3169 1061 3233 reliqui
1107 3186 1299 3224 omnes.
1368 3178 1543 3229 Voces

483 3236 588 3289 erut
624 3241 699 3290 vis
728 3256 873 3292 erasa
907 3255 1028 3295 sunt
1066 3248 1116 3297 in
1163 3251 1299 3301 Flor.
1339 3269 1543 3304 eorum·

417 3325 421 3328 ’
487 3316 596 3380 que‘
619 3318 733 3367 loco
756 3319 858 3369 alia
880 3336 1032 3373 manu
1053 3329 1336 3390 repositum
1368 3339 1449 3382 est
1471 3333 1541 3384 vi.

479 3402 520 3418 -·
552 3393 580 3457 §
616 3396 676 3443 11
714 3395 882 3460 Itaque
920 3413 1014 3447 ιιοιι
1046 3397 1234 3464 aperuit
1269 3409 1420 3456 solum
1466 3410 1540 3459 ιἰι·

484 3469 651 3519 cendio
674 3472 815 3528 viam,
836 3474 1148 3539 sedflammr‘s
1182 3480 1234 3529 ιἰι
1255 3488 1416 3533 castra
1437 3491 1540 3536 ten·

482 3542 723 3613 dentibus]
782 3549 898 3599 Νοιι
930 3555 1151 3616 apparuit
1197 3556 1333 3608 Hav.
1416 3562 1540 3612 Fre-

486 3632 707 3686 quenter
730 3626 807 3675 hae
831 3640 982 3676 voces
1005 3628 1058 3679 in
1073 3631 1203 3681 Mas·
1220 3645 1540 3689 commutan-

485 3702 598 3748 tur.
656 3700 793 3750 Vide
836 3702 899 3750 ad
940 3717 1091 3756 xmv.
1113 3711 1197 3757 28.
1234 3712 1272 3781 ς
1297 3714 1376 3760 10.
1441 3714 1542 3765 Sed

479 3774 865 3842 magisflammis
887 3779 1073 3844 fragm.
1109 3783 1247 3835 Hav.
1280 3802 1311 3836 a
1348 3805 1418 3841 ιιι.
1458 3805 1539 3855 pr.

481 3848 612 3900 sede
633 3854 853 3917 flammis
873 3856 1019 3905 Leid.
1042 3861 1094 3908 2.
1161 3857 1247 3910 Αιι
1282 3864 1444 3915 voluit
1480 3867 1541 3917 li·

484 3925 722 3977 brarins
735 3932 821 3979 sed
872 3936 918 3980 et
945 3932 1193 3996 flmmis?
1270 3938 1383 4003 Ego
1416 3956 1541 3994 vero

483 4001 611 4051 nihil
635 4012 794 4056 muto.
864 4008 1165 4071 Saepissime
1186 4016 1270 4063 sed
1288 4030 1383 4078 pro
1416 4019 1540 4069 ‘sed

484 4079 580 4142 et:
612 4082 742 4131 ‘sed
786 4084 983 4148 etiam,'
1016 4090 1138 4151 poni
1179 4094 1331 4144 solet.
1396 4097 1538 4149 Vide

482 4154 549 4201 ad
572 4168 637 4204 ιι.
658 4158 707 4206 6.
745 4161 774 4222 §
809 4162 856 4207 1.
921 4161 1049 4211 Mox
1089 4179 1378 4230 perperam
1385 4188 1538 4226 mace

482 4228 590 4293 rim,
612 4247 706 4294 pro
730 4236 1130 4298 materioe,1.eid.
1155 4245 1202 4290 1.
1265 4246 1435 4299 Tanta
1456 4261 1539 4303 est

482 4307 768 4362 similitudo
800 4313 1047 4366 ductuum
1085 4319 1353 4376 literarum
1389 4343 1416 4376 c
1438 4336 1494 4381 et
1515 4337 1538 4380 t

1178 423 1393 473 No'rAE
1441 424 1845 475 vAmoRUM
1897 428 1977 477 IN

1617 567 1668 617 in
1688 571 1946 633 scriptura
1966 572 2379 639 Longobardica,
2399 583 2459 627 ut
2473 577 2679 629 difficil-

1616 645 1738 695 lime
1762 648 2011 713 distingui
2046 651 2277 714 possint:
2311 655 2453 703 unde
2495 660 2683 708 mulne

1617 724 1810 786 passim
1837 740 1991 776 voces
2016 726 2067 777 in
2094 727 2230 778 Μαι.
2249 734 2562 782 commutari
2599 749 2679 783 so·

1615 800 1743 852 lent.
1813 803 1949 852 Vide
1971 804 2069 855 hoc
2107 804 2199 855 lib.
2239 806 2304 856 ad
2351 822 2397 858 c.
2434 813 2522 859 35.
2563 813 2595 874 ς
2628 807 2679 861 2.

1618 874 1634 904 ‘
1652 873 1881 930 Materia
1905 880 2116 931 viridis'
2147 883 2231 934 hic
2268 890 2353 935 est
2376 877 2582 952 lignum
2604 891 2683 940 vi-

1618 941 1749 1005 ride·
1816 956 1951 1007 Vide
1973 958 2037 1007 ad
2060 976 2116 1011 v.
2139 965 2222 1011 55.
2244 955 2391 1026 §8.

1686 1031 2148 1085 Trana-evidentibus
2169 1045 2325 1101 sepem
2355 1036 2580 1091 incendio
2599 1045 2683 1093 eb-

1618 1111 2023 1177 sumtamsuemt]
2061 1114 2344 1169 stamma.
2362 1134 2504 1182 seper·
2522 1122 2685 1172 incen-

1618 1189 1698 1237 dio
1717 1190 1934 1238 absumta
1975 1189 2124 1240 Harl.
2156 1197 2205 1242 1.
2257 1198 2535 1248 ινακεσειιά.
2578 1214 2684 1263 sepe

1617 1265 1672 1313 ιἰι
1713 1266 1930 1315 incendio
1967 1268 2231 1318 ebrictatem
2266 1270 2412 1322 Leid.
2452 1277 2504 1323 1.
2575 1276 2684 1325 Sed

1624 1342 1920 1405 praepositio
1935 1344 1987 1393 in
2005 1341 2151 1397 niele
2155 1347 2414 1410 repetitur
2431 1364 2500 1399 ex
2515 1347 2686 1413 prima

1620 1419 1817 1482 syllaba
1839 1422 1979 1496 vocis
2005 1436 2115 1486 seq.
2177 1424 2327 1473 Vide
2347 1424 2413 1473 ad
2447 1440 2533 1476 lv,
2569 1432 2620 1479 6.
2655 1431 2683 1492 §

1621 1501 1703 1546 11.
1728 1498 1808 1546 vel
1831 1506 1955 1548 nata
1978 1508 2058 1549 est
2075 1515 2140 1550 ex
2162 1501 2342 1552 ultima
2361 1503 2517 1554 litera
2539 1506 2686 1557 vocis

1620 1588 1793 1637 sepem.
1872 1577 2169 1628 nanneno.
2207 1579 2423 1629 incendio
2461 1575 2686 1633 αὸειιιιιία

1620 1650 1803 1714 fragm.
1836 1653 1974 1702 Hav.
2024 1651 2239 1704 absumta
2271 1656 2427 1706 etiam
2467 1659 2599 1709 LoV.
2635 1663 2684 1709 3.

1622 1728 2044 1783 absumtumeov.
2067 1736 2117 1782 4.
2145 1734 2411 1783 adsumtum
2432 1736 2576 1786 Flor.
2608 1753 2683 1787 aa·

1620 1813 1856 1871 sumptam
1902 1810 2027 1859 ιον.
2071 1814 2121 1859 1.
2176 1809 2396 1860 Gaertn·
2436 1820 2497 1862 et
2542 1813 2681 1863 Har.

1621 1881 1758 1931 Vide
1782 1883 1846 1931 ad
1875 1897 1954 1934 lx.
1976 1888 2056 1934 17.
2078 1888 2209 1950 §11.
2263 1886 2512 1953 Denique
2526 1889 2685 1948 suerit

1620 1958 1772 2009 Harl.
1791 1964 1840 2008 2.
1866 1967 1921 2010 et
1943 1961 2092 2011 Port.
2112 1957 2217 2012 erat
2238 1963 2366 2030 Lov.
2384 1968 2438 2013 4.
2678 1993 2685 2004 ,

1684 2037 1712 2099 ξ
1751 2039 1812 2085 12
1849 2037 1970 2086 Cum
1991 2029 2154 2088 castra
2174 2039 2336 2102 inpetu
2360 2037 2567 2104 cepisset
2583 2045 2682 2093 dic·

1622 2116 1769 2167 tator,
1789 2115 2000 2175 praedam
2021 2114 2170 2164 militi
2188 2110 2346 2181 aedit]
2370 2117 2498 2168 Sine
2523 2120 2684 2170 dubio

1621 2186 1772 2237 deest
1797 2203 1891 2237 vox
1914 2184 2100 2253 mimo,-
2131 2199 2188 2241 nt
2211 2192 2292 2241 sit
2316 2194 2470 2256 primo
2499 2196 2685 2257 impetn

1620 2265 1834 2327 cepisset.
1900 2267 1988 2316 Sic
2010 2268 2077 2317 de
2097 2268 2281 2318 eodem
2294 2269 2514 2335 loquens
2535 2288 2586 2323 c.
2601 2278 2682 2324 23.

1621 2340 1638 2368 ‘
1660 2341 1762 2392 Qui
1797 2341 2079 2392 adveniens
2099 2341 2268 2395 castra
2288 2345 2571 2413 urbesque
2579 2352 2684 2413 pri-

1619 2411 1703 2466 ιιιο
1728 2416 1927 2482 impetn
1950 2433 2140 2484 capere
2163 2423 2233 2472 sit
2254 2422 2475 2473 solitus?
2508 2426 2685 2489 Sigon.

1620 2493 1817 2543 Contra
1870 2510 2043 2546 omnes
2084 2494 2245 2549 'libros
2279 2504 2572 2554 temerarie.
2608 2506 2683 2554 in-

1619 2568 1776 2621 fercit
1808 2573 2046 2637 Sigonius
2080 2591 2188 2625 cum
2221 2582 2382 2628 castra
2414 2580 2574 2642 primo
2594 2598 2683 2631 ιιιι·

1612 2653 1728 2710 petu
1749 2651 1966 2713 cepisset.
2029 2653 2159 2702 Mox
2181 2668 2230 2704 c.
2262 2659 2313 2707 4.
2345 2655 2362 2683 ⁴
2382 2656 2683 2721 Improviso

1621 2725 1791 2775 adorti
1828 2728 1993 2789 primo
2029 2724 2252 2780 clamore
2282 2728 2442 2795 atque
2479 2734 2684 2798 imp'etn

1590 2846 1605 2855 ,
1619 2803 1845 2866 cepere.'
1913 2804 1987 2855 At
2005 2805 2211 2871 camp.
2244 2808 2403 2871 primo
2422 2810 2683 2873 'clangor-e.

1618 2879 1793 2932 Gebh.
1861 2881 1917 2931 Si
1949 2882 2191 2945 Sigonius
2216 2882 2397 2947 voluit,
2432 2891 2680 2953 supplen-

1619 2955 1739 3009 dum
1796 2972 1910 3009 esse
1961 2960 2280 3025 adjectivum
2326 2964 2505 3027 primo,¹
2555 2964 2683 3016 ferri

1619 3043 1794 3099 potest
1830 3031 1970 3088 illins
2012 3041 2288 3090 sententia.
2369 3042 2467 3091 Sin
2508 3049 2682 3094 etitem

1619 3114 1844 3174 putavit,
1867 3113 1920 3163 id
1943 3114 2223 3180 excidisse,
2253 3125 2311 3167 et
2340 3120 2554 3169 omnino
2592 3122 2685 3170 ad-

1618 3187 1845 3239 dendum
1877 3206 2011 3255 esse,
2055 3199 2213 3243 errat.
2248 3188 2462 3246 'Livius
2498 3212 2567 3247 ιι.
2602 3203 2683 3252 30.

1615 3266 1838 3318 ‘Castra
1880 3270 2079 3333 impetn
2116 3273 2411 3336 ceperunt?
2496 3276 2684 3327 Florus

1619 3341 1653 3390 l.
1681 3355 1744 3390 ιι.
1769 3358 1817 3393 c.
1845 3348 1926 3394 17.
1965 3348 1993 3410 §
2016 3351 2066 3396 6.
2096 3346 2112 3376 ⁴
2132 3348 2308 3412 Rapta
2341 3351 2682 3417 etatimpetu

1619 3418 1914 3483 Hispania!
1983 3423 2122 3473 Vide
2164 3424 2219 3475 J.
2254 3425 2315 3475 F.
2352 3426 2681 3489 Gronovsad

1617 3495 1745 3544 Livii
1769 3509 1807 3545 ι.
1840 3501 1922 3548 57.
1962 3501 2064 3563 §Q
2100 3499 2239 3551 Duk.
2300 3501 2555 3555 Scholion·
2581 3508 2681 3557 hoc

1614 3571 1814 3634 sigonii
1855 3587 1919 3622 ex
1950 3589 2166 3625 numero
2202 3577 2541 3643 illornmest,
2562 3598 2681 3647 qnae

1619 3655 1738 3710 post
1770 3648 1894 3712 ejus,
1919 3658 2141 3701 mortem
2177 3651 2391 3704 demum
2422 3658 2682 3722 adparne·

1618 3732 1739 3774 runt
1761 3726 1814 3774 in
1840 3725 1924 3776 ed.
1944 3731 2091 3778 1592.
2156 3722 2356 3780 Verum
2377 3743 2553 3784 antem
2576 3744 2681 3800 est,

1617 3800 1890 3852 Camillum
1926 3805 2166 3869 quiedam
2197 3815 2390 3868 castra,
2428 3812 2679 3876 quasdam

1616 3877 1774 3929 etiam
1813 3878 1968 3931 urbes
2009 3882 2176 3947 primo
2218 3884 2403 3951 inpetu
2437 3891 2677 3953 cepisse·

1613 3953 1694 4005 ita
1709 3971 1841 4007 mox·
1852 3959 1950 4008 hoc
1973 3974 2092 4023 cap·
2123 3963 2278 4012 ‘Nec
2311 3972 2485 4015 castra
2506 3968 2676 4025 modo,

1616 4031 1729 4081 sed
1757 4032 1938 4084 urbem
1977 4037 2131 4086 etiarn
2167 4038 2448 4103 adgressus
2488 4044 2675 4108 inpetu

1615 4109 1784 4172 primo
1801 4111 1980 4176 cepit.'
2030 4114 2151 4164 Non
2176 4122 2351 4167 tamen
2369 4122 2543 4170 omnia
2562 4139 2674 4173 cas-

1614 4189 1700 4234 tra
1704 4200 2001 4254 omnesque
2022 4190 2200 4254 nrbes,
2233 4208 2349 4258 quse
2378 4196 2561 4259 inpetu
2585 4215 2674 4249 ce·

1615 4260 1715 4322 pit,
1736 4262 1904 4311 etiam
1917 4264 2086 4326 primo
2104 4265 2280 4328 inpetu
2306 4272 2525 4335 cepisse,
2547 4277 2672 4325 urbs

1618 4335 1737 4387 Veii
1759 4337 2071 4390 documento
2101 4350 2201 4393 est.
2271 4344 2459 4397 Invitis
2491 4350 2687 4421 itaque
