2934 4925
477 375 655 448 7740

1115 395 1126 408 ·
1176 379 1393 432 noras:
1442 347 1847 424 vanionnm
1903 367 1983 415 nv

475 543 539 594 in
581 551 750 590 arcem
786 528 1075 585 concessit!
1123 540 1254 578 vm.
1282 529 1363 576 10.
1398 529 1413 551 ⁴
1436 523 1540 573 De·
1617 514 2112 571 Ennianatempora
2129 502 2344 554 vixit-set
2364 496 2565 560 Livius,
2584 495 2709 548 ali--

485 625 700 683 sperata
724 613 867 663 urbis
885 610 1048 661 tutela
1065 616 1372 657 concessere
1392 603 1446 650 in
1461 615 1549 652 ιιι-ο,

487 694 637 746 cem.’
705 692 774 741 Et
813 687 951 737 forte
989 684 1293 734 conscendere
1333 679 1546 742 Sigonio

1619 608 1721 655 qua
1744 589 1946 654 species
1968 584 2081 635 dari
2115 587 2294 646 posset
2328 577 2680 641 Lipsiano-es-

1614 669 1883 721 domunito.
1951 666 2109 715 Nunc>
2128 661 2278 712 aliter
2311 654 2509 719 placuit
2542 650 2686 707 fatis,

476 768 706 834 placuit,
725 764 865 830 quod
889 760 1202 825 Capitolium
1222 758 1339 808 loeo
1360 757 1470 803 alto
1492 759 1548 803 et
1618 753 1679 797 et
1721 746 1872 795 Livio
1907 742 2064 791 etiam
2109 737 2377 798 vulgatum
2426 728 2688 796 placuisse

478 850 542 899 iu
564 854 741 897 moute
764 844 921 892 situm

948 839 1128 889 fuerit.
1180 836 1374 884 Verum
1405 832 1459 880 in
1483 831 1548 880 si·
1618 822 1903 873 eredimus.
1939 831 2018 867 ιι.
2048 819 2135 865 44.
2197 811 2430 862 ‘Hostes
2477 810 2688 856 secutos

488 924 598 975 mili
619 923 720 972 situ
745 920 846 970 loci
862 918 1020 967 etiam
1042 912 1058 940 ‘
1079 906 1404 963 concedere-'
1428 920 1551 958 usus
1625 898 1729 949 duo
1751 894 2066 959 millia‚inde
2089 890 2212 940 locis
2233 885 2445 937 munitis
2466 890 2524 932 et
2547 882 2691 944 ipsos

492 1006 577 1049 est
598 998 711 1048 Liv.
734 1006 990 1047 xxxvm.
1013 995 1063 1041 2.
1086 985 1437 1038 ι»Μιιεεσεάοιιιεε
1462 997 1553 1047 pa·

1628 969 1958 1026 consedisse?
2023 969 2113 1020 Sic
2165 964 2309 1016 alibi.
2363 963 2478 1010 Jac.
2533 957 2693 1006 Gran.

487 1091 604 1127 rum
628 1077 744 1126 loco
764 1069 966 1122 fretiah
985 1064 1230 1129 Ethiopia
1251 1061 1553 1113 inaltiorem
1627 1051 1906 1115 Vulgatam
1950 1045 2226 1099 lectionem
2271 1038 2407 1090 Livii
2450 1031 2697 1090 defendit

494 1152 954 1215 deruptioremque
1017 1143 1246 1205 undique
1304 1137 1555 1188 tumulum

483 1224 838 1282 concessere)
904 1220 1045 1275 Quin
1068 1218 1224 1269 etiam
1256 1215 1581 1266 conscendere-

497 1321 566 1358 ex
604 1304 771 1367 glossa
805 1306 964 1363 atque
1006 1292 1311 1357 interpretis
1353 1291 1558 1354 exposi-

495 1382 642 1434 tione
660 1378 949 1428 desumtum
974 1378 1120 1436 puto.
1152 1369 1403 1421 Similiter
1423 1369 1559 1417 enim

499 1452 872 1520 iu-posteriori
927 1447 1100 1502 Curtii
1155 1446 1272 1496 loeo
1314 1445 1466 1495 Voss.
1510 1447 1562 1493 2.

499 1532 824 1590 conscendere,
860 1541 955 1591 pro
984 1537 1266 1583 concessere,
1299 1519 1565 1575 exhibere,

494 1609 603 1662 ,viri
651 1605 794 1657 docti
846 1607 1177 1653 monuerunt.
1242 1597 1370 1647 Pari
1409 1595 1566 1645 modo

504 1684 664 1738 etiam
713 1684 1095 1732 commutantur
1146 1680 1162 1704 ⁴
1180 1672 1435 1724 accedere
1455 1671 1480 1708 ’-
1511 1678 1567 1724 et

504 1755 898 1810 ‘adscendere'
963 1755 1099 1803 Vide
1136 1767 1252 1816 quae
1287 1748 1466 1799 notavi
1503 1748 1566 1797 ad

508 1839 622 1890 Silii
662 1849 793 1886 1111.
829 1835 945 1884 182.
988 1826 1315 1881 ‘decedere'
1350 1834 1405 1876 et
1444 1826 1568 1873 ‘de-

506 1910 795 1970 scendere’
859 1909 996 1960 Vide
1018 1907 1083 1957 ad
1113 1905 1229 1956 Liv.
1263 1916 1469 1953 xxxvt.
1490 1904 1570 1952 13.

499 2099 508 2112 ‹
572 2073 600 2135 ᾗ
639 2074 700 2120 10
732 2069 989 2130 Armisqae
1010 2071 1057 2115 et
1079 2063 1328 2124 frumento
1348 2058 1571 2122 conlatis]

514 2148 713 2198 Ultima
731 2160 834 2195 vox
859 2158 962 2193 non
981 2141 1137 2191 estin
1163 2138 1313 2188 Harl.
1337 2140 1388 2187 2.
1420 2136 1575 2186 libra·

513 2223 582 2272 rii
623 2221 956 2285 neglegentia
992 2218 1195 2267 omissa.
1264 2215 1449 2263 collato
1491 2212 1577 2260 ha·

515 2300 643 2349 beat
676 2298 830 2348 Voss.
865 2300 914 2344 1.
963 2293 1112 2344 Leid.
1134 2296 1184 2342 2.
1220 2291 1354 2342 Lov.
1384 2293 1433 2338 1.
1455 2291 1507 2339 2.
1526 2291 1577 2337 4.

505 2381 567 2425 25.
599 2382 658 2425 et
680 2373 818 2423 Hav.
849 2371 1092 2435 idemque
1128 2368 1358 2418 voluisse
1396 2364 1579 2414 viden·

507 2459 603 2503 .tur
627 2449 815 2501 scribae
840 2448 980 2497 Flor.
1015 2452 1072 2496 et
1110 2444 1262 2495 Leid.
1296 2446 1345 2492 1.
1378 2441 1473 2507 qui
1504 2448 1580 2491 ta·

507 2540 638 2576 meu
655 2526 933 2575 aberrante
949 2536 1104 2572 mauu
1119 2518 1582 2570 collatadederunt.

522 2604 816 2666 Utrumque
879 2598 1087 2649 admitti
1151 2601 1344 2661 potest.
1427 2595 1584 2657 Saepe

515 2680 658 2732 enim
684 2676 1018 2742 adjectivum,
1049 2674 1253 2724 duobus
1285 2670 1588 2736 pluribusve

509 2754 868 2807 substantivis
886 2751 1080 2804 diversi
1104 2749 1305 2814 generis
1325 2760 1588 2797 acznume-

513 2835 571 2882 -ri
580 2834 841 2898 junctum,
864 2829 1102 2894 proximo
1123 2825 1387 2876 convenit.
1418 2823 1593 2886 Supra

508 2910 623 2958 .lroc
643 2908 744 2958 lib.
776 2922 825 2958 c.
865 2911 947 2955 15.
1011 2905 1348 2953 ‘Decrevere
1388 2902 1592 2963 legatos

515 2993 801 3047 ,sortesque
823 2982 1020 3031 oraculi
1046 2979 1258 3045 Pythici
1280 2984 1592 3041 exspectan-

531 3059 624 3111 das
642 3060 677 3111 ε’
705 3060 794 3109 ubi
823 3059 941 3108 vide
957 3059 1109 3122 plura
1132 3057 1284 3106 alias:
1314 3052 1594 3119 Saepeeti·

532 3152 615 3186 am
640 3151 703 3185 eo
728 3150 852 3186 casu
884 3133 1200 3198 adjectivum
1230 3131 1432 3195 plurale
1471 3144 1596 3178 nen-

515 3216 671 3273 [trum
697 3211 821 3274 poni
836 3211 987 3260 solet.
1052 3209 1223 3272 Supra
1244 3210 1423 3257 rv.⁵⁷.
1456 3206 1473 3233 ‘
1491 3205 1596 3254 Ex·

533 3285 831 3351 emplo.fuit
848 3286 1079 3349 collegas
1102 3296 1324 3347 eumque
1344 3281 1597 3330 intuenti-

535 3366 654 3428 bus,
673 3379 825 3429 quam
846 3363 1013 3426 gratia
1035 3368 1194 3427 atque
1208 3361 1372 3409 honos
1384 3365 1598 3422 oportu-

524 3440 684 3490 niora
717 3438 982 3489 interdum
1018 3452 1121 3487 non
1159 3434 1491 3500 cupientibus
1519 3447 1599 3481 es-

521 3523 655 3568 .sent
678 3514 712 3565 ε’
746 3514 835 3564 ubi
857 3515 1016 3564 etiam
1049 3510 1477 3576 ejus.locutionis
1509 3523 1599 3558 ex·

524 3594 714 3657 -empla
734 3591 904 3641 videri
929 3596 1164 3654 possunt.
1449 3625 1456 3631 .

1630 1128 1789 1178 etiam
1813 1124 2019 1177 Acidal.
2043 1122 2108 1173 ad
2130 1119 2302 1171 Tacit.
2331 1117 2435 1166 loc.
2467 1110 2614 1162 laud.
2635 1114 2701 1158 ut

1632 1204 1762 1255 etin
1783 1202 2016 1266 margine
2037 1197 2175 1249 Livii
2218 1194 2337 1245 Jac.
2369 1189 2700 1242 Perizonius,

1634 1282 1898 1345 adscripto
1933 1279 2054 1328 loco
2076 1290 2144 1326 ex
2178 1272 2313 1323 Livii
2334 1283 2390 1318 V.
2424 1269 2509 1317 43·-
2544 1264 2580 1315 ,⁴
2600 1263 2700 1313 At·

1636 1374 1739 1425 que
1762 1358 1907 1420 inde,
1944 1370 2010 1407 ex
2052 1355 2170 1403 loco
2204 1346 2477 1412 superiore.
2513 1341 2703 1403 inpetu

1636 1436 1802 1497 facto,
1823 1442 1999 1497 strage
2021 1445 2082 1481 ac
2105 1427 2255 1478 ruina
2276 1422 2459 1474 fudere
2485 1413 2710 1469 Gallos-⁹

1640 1511 2053 1563 ‘Eudemunitus
2078 1506 2103 1555 .'
2152 1504 2293 1555 foret
2331 1503 2349 1529 ‘
2380 1491 2707 1555 inmunitas,'

1640 1597 1697 1639 et
1719 1589 1772 1652 id
1797 1602 1892 1652 pro
1910 1583 2183 1636 admodum
2199 1577 2447 1640 munitus,
2460 1573 2545 1623 vel
2559 1577 2708 1622 certe

1636 1681 1740 1731 pro
1759 1663 1985 1728 simplici
2009 1659 2257 1712 munitus,
2291 1650 2552 1719 quomodo
2572 1649 2710 1702 hane

1643 1757 1819 1793 vocem
1843 1738 1982 1804 apud
2005 1736 2179 1786 Tacit.
2220 1728 2528 1795 capiendam
2551 1725 2712 1774 docet

1644 1821 1699 1872 J.
1746 1820 1806 1871 F.
1850 1814 2164 1867 Gronovius.
2231 1808 2306 1858 At
2347 1798 2715 1853 ‘inmunitas'

1637 1895 1910 1947 contrario
1925 1904 2080 1941 sensu
2096 1902 2189 1952 pro
2203 1892 2217 1915 ⁸
2236 1898 2337 1933 non
2353 1880 2582 1931 munitus
2598 1875 2614 1898 '
2629 1877 2716 1925 Li-

1649 1973 1733 2023 vio
1756 1971 1878 2036 poni
1903 1969 2055 2022 solet.
2118 1960 2273 2014 Infra
2297 1970 2444 2008 xxu.
2472 1959 2585 2005 13..
2611 1953 2628 1979 ‘
2647 1953 2714 2001 E·

1649 2049 1897 2114 dictoque
1921 2042 2214 2111 proposito,
2245 2044 2326 2099 ut,
2358 2030 2718 2100 quibus-oppi-

1646 2128 1722 2176 da
1755 2124 2076 2186 castellaque
2116 2114 2368 2168 inmunita
2408 2115 2608 2170 essent,
2641 2105 2721 2156 uti

1654 2205 1708 2254 iu
1749 2202 1865 2252 loca
1896 2203 2024 2250 ‚tuta
2071 2184 2508 2255 commigrarent?
2592 2184 2720 2233 Ple·

1649 2290 1870 2341 rumque
1894 2276 1944 2324 in
1968 2273 2049 2322 his
2071 2268 2232 2321 verbo
2264 2262 2485 2327 simplici
2523 2260 2540 2288 ‘
2557 2257 2727 2309 mnni-

1658 2351 1782 2403 tus'
1835 2354 2116 2402 contentus
2161 2350 2242 2392 est
2283 2339 2481 2390 Livius.
2547 2334 2724 2398 Supra

1658 2443 1723 2480 11.
1746 2432 1828 2479 31.
1885 2429 1901 2455 ‘
1922 2421 2143 2475 Relictis
2181 2418 2387 2480 eastris,
2406 2428 2522 2480 quae
2554 2410 2725 2462 muni-

1659 2506 1875 2556 tissimis
1898 2505 2178 2554 tenuerant
2210 2497 2363 2557 locis,
2399 2490 2728 2547 inadversas

1661 2582 1822 2635 valles
1844 2580 2105 2630 desiluere
2124 2572 2172 2626 :.’
2204 2573 2296 2623 ubi
2319 2569 2560 2635 quaedam
2585 2565 2726 2615 vide.

1664 2672 1767 2708 vu.
1786 2661 1870 2707 42.
1905 2658 1921 2684 ‘
1942 2653 2081 2705 lude
2112 2648 2180 2701 ad
2224 2653 2462 2713 quartum
2497 2640 2729 2704 lapidem

1667 2734 1953 2799 profectos,
1986 2731 2103 2780 loeo
2143 2726 2342 2778 munito
2393 2715 2731 2772 consedisse.'

1671 2825 1820 2863 xxn.
1860 2813 1943 2859 18.
2006 2807 2509 2866 ‘Transgressusque
2540 2796 2731 2847 saltum

1670 2902 1831 2952 super
1845 2883 2038 2936 Allifas
2058 2885 2174 2934 loeo
2188 2881 2298 2930 alto
2308 2892 2372 2927 ac
2386 2875 2591 2926 munito
2612 2887 2734 2923 con·

1671 2962 1846 3016 sedit?
1883 2975 2091 3027 ngur.
2123 2962 2206 3009 8⁷.
2238 2959 2268 3021 ς
2291 2961 2340 3006 9.
2389 2954 2405 2981 ‘
2425 2953 2600 3015 Supra
2621 2964 2733 3014 por-

1670 3048 1781 3091 tum
1835 3040 1951 3089 loco
2014 3037 2211 3086 munito
2283 3036 2456 3081 castra
2527 3023 2736 3079 incant:

1660 3119 1931 3167 xxxix-6.
1967 3114 1983 3142 ⁸
2005 3113 2150 3163 Loco
2186 3109 2388 3160 munito
2427 3104 2630 3155 relictis
2665 3102 2735 3150 le-

1668 3190 1951 3259 gionibus:
1974 3200 2224 3241 xxxvut.
2246 3190 2330 3236 49.
2362 3185 2379 3212 ‘
2400 3184 2575 3235 Quum
2599 3193 2736 3231 aion·

1664 3278 1781 3321 tem
1815 3271 1992 3319 hostes
2009 3265 2297 3330 cepissent,
2319 3262 2435 3311 loco
2456 3257 2660 3308 munito
2680 3267 2736 3303 se

1676 3355 1941 3407 tenerent,
1972 3355 2162 3406 nempe
2198 3337 2423 3390 eundum
2459 3335 2528 3384 ad
2567 3334 2738 3382 hostes

1666 3432 1807 3481 erat.
1828 3425 1872 3473 si
1898 3423 2107 3471 vincere
2132 3411 2354 3466 vellem?
2410 3418 2425 3440 ‘
2444 3406 2738 3460 Communi·

1665 3501 1799 3553 .tus’
1857 3498 1988 3549 dixit
2033 3506 2174 3546 xxx.
2217 3496 2270 3542 ¹¹1.
2337 3487 2585 3552 ‘Syphax
2622 3489 2740 3534 octo

1677 3577 1894 3628 millium
1928 3573 2093 3625 ferme
2118 3569 2240 3619 inde
2263 3565 2435 3630 spatio
2458 3564 2578 3613 loco
2599 3573 2735 3612 com·

1674 3654 1877 3705 munito
1899 3646 2171 3702 consedit.’

1745 3732 1773 3794 §
1808 3733 1868 3778 11
1905 3727 2061 3777 Sacra
2079 3722 2263 3787 publiea
2285 3735 2316 3769 a
2331 3719 2477 3780 ccede,
2498 3716 2559 3765 ab
2580 3714 2738 3763 ineen-

1681 3806 1776 3856 diis
1813 3804 1976 3869 procul
2017 3799 2235 3860 auferre]
2278 3795 2519 3856 Sacraque
2559 3789 2744 3854 publiea

1685 3882 1813 3931 Lov.
1848 3884 1898 3929 1.
1934 3886 1991 3926 et
2018 3873 2169 3924 Leid.
2205 3875 2256 3920 2.
2292 3884 2324 3918 a
2359 3884 2430 3917 m.
2460 3881 2566 3916 sec.
2605 3866 2741 3914 inter

1683 3973 1887 4009 versus.
1945 3952 2157 4006 Deinde
2178 3965 2240 3999 ex
2261 3949 2406 4003 coede,
2425 3945 2485 3995 ab
2510 3942 2743 3993 incendiis

1683 4037 1903 4088 Gaertn.
1927 4048 1958 4082 a
1978 4045 2047 4080 m.
2075 4044 2152 4093 pr.
2175 4027 2305 4076 Mox
2329 4025 2381 4075 iu
2404 4020 2576 4083 verbis
2598 4033 2743 4083 seqq.

521 3702 535 3713 -
604 3671 689 3720 Ex
708 3671 806 3718 loco
819 3669 935 3718 inde
949 3666 1131 3716 munito
1153 3665 1282 3714 Deos
1309 3662 1604 3724 hominesque

525 3752 588 3801 .αέ
625 3747 895 3795 Romanum
925 3758 1092 3793 nomen
1122 3738 1392 3802 defendere]
1426 3736 1604 3799 Serip·
1672 3755 1679 3761 ·

540 3820 695 3870 serim
724 3835 787 3869 ex
811 3822 920 3871 ,loco
951 3818 1267 3868 endomunito.
1313 3813 1519 3877 Lipsius
1539 3812 1604 3861 ad

530 3897 715 3947 -Taciti
742 3896 928 3945 Annal.
949 3909 1029 3945 xl.
1055 3899 1133 3945 19.
1186 3892 1276 3942 Sic
1297 3889 1438 3955 apud
1467 3890 1607 3939 Vell.

543 3986 585 4021 ι.
630 3976 712 4020 15.
743 3971 839 4020 ·de
878 3971 1059 4020 Cassio
1104 3969 1344 4032 Longino
1389 3980 1607 4017 censore

533 4054 848 4111 corruptum
872 4047 1039 4113 locum
1074 4046 1322 4095 restituo:
1357 4043 1374 4071 ‘
1398 4044 1498 4093 Cui
1520 4057 1607 4092 en-

456 4192 460 4197 ·
548 4123 851 4174 domolienti
872 4121 886 4145 '
905 4123 1191 4187 (theatrum
1216 4119 1439 4181 seilicet)
1464 4120 1481 4148 ‘
1499 4119 1607 4168 exi·
1682 4113 1742 4162 τὸ
1762 4127 1857 4163 non
1878 4109 2026 4160 abest
2048 4105 2099 4155 iu
2123 4104 2271 4154 Harl.
2291 4105 2341 4150 2.

533 4201 651 4250 wia
669 4200 903 4250 civitatis
924 4198 1173 4248 severitas
1208 4202 1264 4246 et
1294 4194 1474 4245 consul
1497 4191 1609 4243 Sci·
1670 4216 1681 4229 =
1748 4193 1777 4254 ᾧ
1815 4192 1875 4239 12
1912 4185 1974 4235 Si
2015 4196 2110 4230 arx
2157 4176 2556 4241 Capitoliumque,
2608 4171 2744 4221 sedes

475 4294 480 4295 ⁷
537 4277 641 4342 »pio
684 4273 965 4326 restitere.'
998 4273 1175 4324 Kloek.
1243 4272 1302 4322 Si
1345 4271 1611 4334 proximus
1687 4264 1922 4327 Deorum]
1959 4260 2193 4321 Sedesque
2215 4255 2429 4305 Deorum
2443 4250 2587 4300 Port.
2637 4244 2744 4297 Sed
