2934 4925
751 414 820 461 τ.
871 410 1064 461 mvn
1108 407 1309 460 msr.
1360 406 1505 457 mn.
1553 406 1627 459 v.
1670 407 1838 458 οη.
1883 391 1987 459 18.

2291 392 2467 458 7615

267 557 339 609 do
359 571 476 622 quae
500 556 829 623 res,’inquit,
853 557 871 586 ⁴
893 563 1012 620 post
1030 553 1332 619 ,prodigium
1406 551 1529 604 edd.
1597 554 1686 604 Its
1729 560 1876 602 certe
1920 556 2003 602 est
2041 551 2093 602 in
2134 550 2284 602 Rom.
2321 555 2470 603 1472.

266 629 462 687 Albani
502 635 667 696 lacus,
706 635 800 683 nisi
833 633 1138 682 instauratio
1162 645 1334 679 sacro·

270 723 382 760 rum
426 711 881 774 auspiciorumque
924 708 1204 766 revocatio,
1244 704 1334 754 ad·

266 786 423 837 fectae
455 788 667 836 Veienti
691 786 826 835 bello
849 784 1149 847 reipublicae
1171 795 1335 829 reme-

268 864 357 914 dio
389 863 530 922 fuiti
550 862 566 886 ’
608 865 624 893 ⁴
646 860 936 912 Affectam’
968 867 1118 910 vocat
1155 859 1337 908 debili-

273 945 460 990 tatam.
528 940 731 988 Iterum
765 952 844 987 vr.
881 942 931 986 3.
964 936 981 966 4
1009 937 1241 988 Quorum
1265 934 1338 984 le·

266 1017 400 1080 goti,
447 1031 605 1079 opem
653 1017 806 1065 rebus
848 1012 1075 1064 adfectis
1114 1018 1341 1074 orantes,

271 1108 384 1144 cum
409 1101 650 1142 senatum
672 1091 939 1141 adissent!
971 1093 1042 1141 Et
1067 1105 1150 1141 rx.
1171 1095 1221 1139 3.
1240 1092 1257 1121 ⁴
1275 1091 1341 1140 In

266 1183 500 1231 torpore
531 1168 740 1224 tamen,’
773 1169 965 1232 inquit,
994 1175 1007 1196 ⁴
1032 1167 1244 1217 adfecto
1267 1165 1342 1215 vi-

263 1245 434 1310 ·gebat
461 1246 537 1293 vis
559 1245 715 1293 animi
737 1241 1089 1308 consiliique-³,
1133 1241 1339 1291 Ibidem

266 1337 410 1379 mox,
446 1322 608 1373 ‘Jam
643 1322 865 1371 animum
902 1335 1110 1385 quoque
1146 1317 1344 1383 patris‚’

272 1400 465 1463 inquit,
506 1405 523 1426 ‘
542 1398 873 1448 consenuisse
904 1397 958 1446 in
995 1396 1206 1446 adfecto
1228 1411 1342 1447 cor·

266 1490 404 1541 pore
428 1473 685 1526 rebatur?
708 1476 863 1525 Rhea.
903 1473 1150 1523 Eamdem
1171 1487 1343 1523 emou-

272 1553 545 1605 dationem
581 1554 863 1605 Rhenanus
901 1551 966 1601 ad
1006 1551 1182 1603 Taciti
1204 1550 1344 1601 Hist-

275 1642 359 1683 ω.
384 1635 469 1683 65.
497 1630 763 1694 proponit,
783 1643 813 1678 e
840 1628 1167 1691 conjectura,
1190 1636 1247 1676 ut
1271 1626 1344 1676 vi·

270 1706 462 1768 detur3
498 1722 618 1756 nam
651 1720 755 1756 non
797 1715 1048 1769 provocat
1085 1703 1149 1752 nd
1187 1702 1344 1752 libros

268 1784 527 1848 scriptos,
545 1785 599 1836 in
622 1784 807 1848 quibus
842 1782 1104 1846 Sigonium
1129 1787 1186 1829 et
1210 1779 1345 1830 Gro-

278 1861 490 1912 novium
515 1862 614 1911 boc
650 1861 908 1911 invenisse
941 1859 1086 1913 credi
1120 1870 1215 1922 par
1249 1862 1347 1906 est.

279 1939 489 2004 Alioqui
513 1938 691 2004 effoetoe
711 1935 920 1988 defendi
939 1942 1117 2002 posset
1141 1949 1170 1984 e
1197 1934 1347 1997 Virg-

266 2016 395 2067 ·AEn.
422 2030 474 2065 v.
500 2020 619 2065 395.
662 2016 680 2042 4
703 2014 809 2064 Sed
840 2014 977 2062 enim
1016 2009 1217 2075 gelidus
1243 2017 1347 2063 tnr-

279 2091 441 2142 dante
459 2099 674 2142 senecta
694 2089 917 2153 Sanguis
934 2087 1111 2151 hebet,
1131 2084 1344 2149 frigent·

280 2182 383 2234 que
419 2167 617 2218 effoetae
653 2171 705 2217 in
741 2178 958 2230 corpore
1000 2165 1138 2214 vires
1158 2162 1193 2211 ε’
1249 2161 1348 2211 nisi

281 2251 455 2296 tamen
481 2244 642 2309 poeta
671 2243 839 2306 figura
871 2254 992 2291 usus
1025 2247 1127 2304 est,
1164 2246 1218 2288 et
1253 2240 1348 2287 boc

268 2322 489 2383 waluit,
527 2335 682 2385 quam
713 2319 872 2384 effoeto
905 2317 958 2367 in
991 2330 1201 2379 corpore,
1223 2329 1347 2378 quo-

281 2399 433 2450 modo
450 2399 564 2449 Cic.
584 2398 652 2448 de
669 2399 794 2447 Seu.
812 2410 859 2446 c.
871 2401 922 2445 9.
944 2394 1199 2460 loquiturz
1233 2392 1249 2420 ⁴
1265 2393 1349 2443 Li-

284 2476 521 2530 bidinosa
541 2485 596 2525 et
618 2476 971 2539 intemperans
992 2471 1350 2521 adolescentia

280 2553 516 2605 cffoetnm
538 2568 730 2615 corpus
749 2551 911 2602 tradit
933 2546 1227 2599 senectuti?
1279 2547 1349 2595 Et

278 2630 570 2683 ‘affectus’
615 2639 671 2680 et
696 2633 730 2668 -‘
755 2626 989 2678 effoetus'
1028 2626 1186 2675 etiam
1219 2624 1347 2674 alibi

246 2739 249 2744 -
275 2708 352 2759 its
375 2713 761 2773 permutantur,
782 2712 840 2755 ut
862 2704 1073 2754 dubium
1092 2716 1206 2753 esse
1229 2714 1346 2765 pos·

268 2788 371 2847 sit,
390 2794 567 2836 utrum
595 2780 974 2846 praeferendum
995 2782 1081 2830 sit.
1147 2780 1211 2829 In
1236 2780 1346 2829 Cic.

278 2863 347 2912 de
380 2863 508 2911 Seu.
544 2875 593 2908 c.
616 2862 695 2908 14.
723 2873 818 2922 pro
853 2863 1068 2920 recepta
1105 2855 1349 2917 lectione,

278 2946 297 2974 4
324 2953 488 3004 quum
530 2952 599 2986 cx
640 2952 705 2986 eo
743 2935 951 3001 quidam
985 2934 1092 2997 jam
1137 2929 1348 2982 adfecto

264 3021 443 3066 ‘etate
499 3019 779 3079 quaereret,
833 3018 1139 3061 utereturne
1192 3009 1348 3060 rebus

280 3091 575 3148 Venereis‚'
588 3092 771 3156 scripti
788 3090 987 3155 aliquot
1005 3088 1142 3152 apud
1161 3087 1348 3137 Aldum

279 3170 480 3222 babent
513 3170 674 3235 effoeto
707 3173 849 3219 atate
869 3184 886 3217 .-
918 3177 971 3216 et
1007 3164 1164 3216 Catil.
1199 3177 1260 3213 11.
1299 3168 1350 3216 9.

283 3265 378 3314 pro
399 3250 601 3300 tertium
616 3261 769 3309 genus
790 3249 863 3294 est
892 3247 1036 3292 (εἰπερ
1059 3241 1168 3304 jam
1190 3240 1349 3299 adfec-

279 3332 401 3383 tam,
438 3327 546 3376 Ms.
580 3323 780 3375 Mureti
816 3318 1031 3386 praefert
1072 3323 1219 3368 oetaw
1241 3318 1351 3378 jam

282 3403 517 3468 effoetum.
585 3401 718 3451 Quae
743 3410 894 3463 teque
919 3403 1064 3445 recte
1088 3394 1351 3455 dicuntur,

282 3490 341 3532 ut
356 3480 499 3545 apud
519 3477 676 3528 ovid.
697 3477 830 3525 Met.
846 3487 950 3524 vu.
965 3476 1085 3523 312.
1116 3473 1132 3501 4
1147 3468 1352 3520 effoetus

280 3560 486 3622 laniger
521 3553 708 3605 annis!
742 3554 880 3604 an.
948 3552 1112 3600 Recte
1147 3549 1351 3600 Rheno-

282 3648 376 3686 πω
396 3634 607 3692 adfecte
635 3630 884 3680 restitnit.
918 3628 1040 3677 Non
1058 3625 1194 3675 enim
1217 3624 1354 3689 effoe·

285 3719 367 3775 tc,
385 3712 482 3762 sed
502 3710 710 3771 ndfeetoe
743 3709 868 3758 vires
904 3705 1133 3769 corporis,
1163 3704 1215 3752 id
1249 3710 1352 3759 est,

283 3790 300 3820 ⁴
322 3787 547 3845 fractae,'
581 3792 596 3815 ⁴
622 3781 949 3845 debilitatoe,'
986 3779 1263 3844 inpediunt
1286 3792 1352 3827 ne

285 3864 396 3930 quis
422 3864 605 3913 utilem
628 3859 925 3924 reipublice
960 3856 1223 3906 consulem
1261 3860 1353 3903 aut

285 3944 643 4007 magistratum
667 3944 812 4001 agat.
864 3937 934 3985 Et
950 3934 1026 3985 ite
1045 3932 1201 3983 etiam
1220 3945 1353 3994 pra-.-

288 4009 477 4072 fernnt‘
500 4018 640 4067 Flor.
676 4015 827 4064 Voss.
859 4019 1102 4076 uterque,
1136 4005 1285 4057 Leid.
1305 4009 1352 4054 1.

290 4097 412 4147 etin
436 4093 670 4157 margine
687 4090 839 4141 Leid.
856 4093 905 4141 2.
925 4087 1052 4137 Lov-
1069 4087 1114 4133 1.
1129 4087 1180 4133 2.
1204 4082 1350 4132 Harl.

293 4182 529 4238 uterque,
579 4170 714 4219 Hav.
758 4174 816 4217 et
861 4167 912 4214 in
961 4176 1127 4225 marg.
1166 4158 1352 4222 fragm.

295 4247 428 4299 Har.
462 4248 732 4298 Praeterea
753 4243 913 4293 etiam
932 4236 1151 4289 Hearnii
1174 4235 1351 4285 Oxou.

295 4325 515 4393 Νευροὶ.
552 4322 770 4384 Latiuii,
808 4329 865 4372 et
897 4318 1072 4372 multae
1114 4328 1181 4366 ex
1220 4317 1352 4363 vett.

1408 629 1586 678 Parin.
1629 627 2102 679 Mediolanensibus
2140 632 2287 678 1480.
2326 631 2472 677 1495.

1409 710 1555 755 1505.
1588 706 1792 754 Veneta
1817 709 1959 754 1498.
1984 712 2039 755 et
2063 705 2188 753 aliis.
2225 705 2471 753 Proxime

1410 795 1589 831 verum
1614 780 1798 845 effecta
1819 782 1971 830 estin
2010 778 2227 828 Gaertn.
2291 780 2473 829 Solent

1410 865 1584 906 autem
1608 871 1760 906 voces
1783 855 1798 882 ‘
1823 853 2044 904 effectus
2061 853 2077 877 ’
2100 863 2156 904 et
2175 855 2191 883 ⁴
2216 852 2474 911 affectus,'

1411 935 1541 984 licet
1579 935 1682 983 alio
1720 948 1872 983 sensu
1913 940 2197 996 usurpatae,
2237 933 2376 981 inter
2419 946 2477 981 se

1412 1013 1736 1061 commutari.
1781 1011 1919 1060 Vide
1943 1012 2099 1060 Corte
2120 1010 2186 1059 ad
2213 1010 2349 1059 Plin.
2375 1010 2476 1073 Ep.

1415 1091 1633 1153 1v.19.§
1654 1093 1701 1138 l.
1737 1089 1987 1138 Similiter
2007 1087 2163 1136 etiam
2184 1090 2199 1116 ⁴
2220 1083 2475 1136 effectus’

1414 1172 1471 1215 et
1489 1168 1506 1195 ⁴
1531 1163 1774 1214 effoetus-⁹
1822 1165 1957 1214 Vide
1981 1163 2217 1213 eumdem
2241 1161 2307 1212 ad
2333 1162 2475 1210 Plin.

1417 1243 1519 1305 Ep.
1552 1255 1606 1291 v.
1641 1244 1722 1291 17.
1759 1244 1787 1305 §
1830 1245 1880 1290 o.
1946 1239 2256 1303 corruptius
2297 1238 2476 1304 efferre

1418 1321 1547 1369 Lov.
1566 1323 1618 1368 4.
1666 1318 1813 1382 effero
1838 1319 1964 1367 Lov.
1987 1322 2035 1367 ³.
2081 1330 2182 1366 esse
2201 1321 2250 1366 tc
2271 1316 2402 1365 Lov.
2423 1321 2474 1364 5.

1410 1395 1583 1459 Supra
1605 1407 1683 1444 w.
1704 1399 1786 1444 41.
1830 1393 1846 1421 4
1865 1393 2112 1443 Plaustra
2133 1393 2477 1457 jumentaque

1412 1472 1707 1522 exercitum
1754 1469 2020 1519 adfectum
2068 1470 2252 1533 proelio
2286 1481 2349 1517 ac
2395 1467 2479 1516 via

1410 1555 1674 1599 nocturna
1708 1543 2003 1610 excepere.'
2045 1546 2145 1594 hoc
2187 1543 2276 1594 lib.
2313 1558 2361 1593 c.
2397 1547 2477 1593 10.
2535 1548 2540 1553 “

1416 1625 1731 1674 ‘Tribntum
1777 1637 1845 1673 ex
1879 1620 2091 1671 adfecta
2133 1634 2192 1669 re
2235 1618 2478 1669 familiari

1418 1700 1684 1766 pendant?
1716 1713 1823 1749 vn.
1842 1703 1927 1749 20.
1971 1697 1988 1725 ⁴
2008 1698 2083 1746 Ut
2106 1697 2364 1745 Romanos
2384 1693 2479 1745 flo-

1419 1785 1595 1828 rentes
1632 1792 1694 1827 ea
1731 1777 1809 1826 sui
1848 1774 2203 1825 misericordia
2242 1778 2480 1835 caperet,

1420 1870 1539 1921 quae
1575 1869 1634 1904 se
1669 1854 1817 1903 rebus
1854 1850 2075 1902 adfectis
2111 1849 2362 1913 quondam
2388 1861 2480 1908 po-

1421 1932 1532 1998 puli
1574 1931 1789 1983 Romani
1834 1926 2095 1992 cepisset?
2149 1940 2203 1977 x.
2256 1930 2302 1974 1.
2334 1923 2482 1975 ‘Vix

1421 2008 1669 2058 credibile
1691 2014 1821 2068 erat,
1843 2012 1946 2056 tam
1970 2001 2194 2053 adfectis
2225 2001 2376 2051 rebus
2398 2013 2481 2051 so·

1406 2089 1501 2139 ·los
1526 2102 1621 2151 per
1644 2100 1700 2136 se
1726 2086 1915 2150 AEquos
1935 2083 2000 2133 ad
2028 2081 2216 2132 bellum
2241 2076 2483 2129 coortos.’

1420 2179 1547 2217 xxr.
1572 2167 1653 2214 11.
1697 2163 1715 2192 ⁴
1736 2161 2032 2225 paullisper
2054 2166 2227 2208 tamen
2249 2154 2482 2205 adfectos

1422 2243 1620 2293 animos
1644 2239 1901 2291 recreavit
1923 2237 2193 2300 repentina
2224 2231 2483 2297 profectio

1424 2318 1736 2368 Hannibalis
1761 2317 1812 2364 iu
1837 2313 2100 2364 Oretanos
2134 2311 2482 2373 Carpetanos-

1423 2394 1561 2462 qne.’
1597 2408 1739 2446 xxu.
1761 2398 1841 2443 14.
1872 2394 1888 2422 ⁴
1914 2391 2081 2442 Nobis
2118 2387 2348 2437 dictator
2370 2384 2483 2434 uni-

1423 2488 1515 2523 cus
1538 2473 1593 2522 in
1616 2473 1772 2522 rebus
1795 2468 2017 2520 adfectis
2041 2463 2326 2531 qnaesitus.'
2359 2477 2406 2516 e.
2431 2466 2482 2512 8.

1420 2554 1436 2585 ⁴
1454 2552 1530 2601 Ut
1550 2551 1601 2600 in
1624 2548 1834 2599 adfecto
1857 2548 2078 2609 corpore
2095 2539 2329 2607 quamvis
2350 2538 2481 2588 levis

1420 2641 1604 2678 caussa
1638 2624 1821 2686 magis,
1862 2636 2018 2687 quam
2062 2617 2233 2668 valido
2279 2615 2484 2679 gravior

1420 2704 1723 2764 sentiretur,
1745 2703 1819 2751 ita
1852 2706 1960 2748 turn
1998 2710 2155 2759 oegrae
2178 2702 2234 2743 et
2254 2691 2480 2743 adfectui

1416 2779 1663 2841 civitati‚'
1704 2783 1805 2828 ὅτε.
1843 2790 1892 2825 c.
1924 2780 2008 2825 60.
2060 2776 2079 2803 4
2101 2774 2274 2824 Quum
2313 2768 2483 2817 omnis

1420 2857 1652 2907 subsidia
1697 2855 1819 2903 vitae
1864 2851 2129 2910 abessent,
2159 2844 2484 2908 adfectisque

1419 2935 1560 2985 fame
1585 2931 1777 2982 viribus
1802 2943 1944 2979 arma
1973 2928 2077 2989 jam
2111 2924 2369 2974 sustinere
2392 2934 2484 2970 ne-

1420 3007 1668 3077 quirent.'
1724 3018 1933 3055 xxvnr·
1972 3006 2056 3051 26.
2111 3002 2127 3028 ⁴
2147 2998 2293 3049 Nihil
2331 3008 2482 3060 aeque

1420 3102 1509 3138 eos
1532 3083 1740 3140 terruit,
1761 3096 1913 3145 quam
1937 3084 2130 3143 praeter
2154 3089 2300 3139 spem
2325 3071 2484 3122 robur

1422 3174 1480 3216 et
1500 3165 1645 3215 color
1667 3156 2019 3224 imperatoris,
2043 3168 2195 3218 quem
2219 3149 2484 3201 adfectum

1420 3243 1619 3291 visuros
1634 3232 2000 3289 crediderant!
2023 3244 2226 3282 xxxvi.
2239 3233 2321 3279 24.
2342 3228 2358 3256 4
2376 3226 2487 3276 Ad·

1422 3317 1570 3369 fecta
1607 3316 1784 3366 labore
1817 3327 1879 3363 ac
1920 3309 2111 3373 vigiliis
2151 3318 2373 3370 corpor-a
2416 3317 2485 3351 ex

1423 3407 1603 3444 somno
1626 3383 2003 3441 moliebantur!
2031 3385 2218 3434 Senee.
2237 3380 2305 3430 de
2331 3380 2420 3430 Ira
2445 3389 2484 3430 Ι.

1426 3474 1510 3522 11.
1541 3471 1558 3498 ⁸
1583 3469 1701 3521 Quo
1721 3464 1820 3515 alio
1851 3462 2042 3513 Fabius
2060 3458 2297 3508 adfectas
2321 3456 2484 3518 irnpe-

1424 3548 1489 3598 rii
1513 3546 1650 3596 vites
1681 3539 1956 3601 recreavit,
1988 3552 2139 3603 quam
2163 3532 2299 3598 quod
2325 3544 2485 3586 cunc-

1427 3623 1550 3685 tari,
1573 3629 1627 3671 et
1648 3619 1871 3673 trabere,
1896 3622 1949 3664 et
1970 3610 2158 3668 morari
2180 3607 2333 3659 scivit
2350 3621 2366 3656 ε
2382 3605 2398 3629 '
2430 3606 2485 3656 in

1428 3698 1635 3751 Consol.
1650 3695 1716 3744 ad
1734 3691 1919 3754 Polyb.
1937 3702 1983 3737 c.
2002 3690 2083 3738 24.
2119 3685 2134 3711 4
2151 3684 2326 3734 Duces
2339 3695 2487 3745 mag-

1424 3778 1482 3828 ni
1504 3774 1702 3825 faciunt
1726 3770 1881 3819 rebus
1913 3760 2154 3817 adfectis.
2176 3768 2233 3810 ut
2256 3757 2484 3814 hilarita»

1427 3863 1535 3904 tem
1558 3851 1625 3900 de
1649 3844 1901 3898 industria
1924 3832 2218 3888 simulent:'
2252 3834 2369 3890 ita-⁴
2392 3832 2485 3882 sd·

1424 3929 1593 3984 fectus
1609 3932 1765 3975 aetate
1780 3920 1793 3941 '
1811 3926 1891 3970 est
1909 3914 2044 3979 apud
2064 3913 2173 3963 Cic.
2189 3912 2255 3962 de
2270 3912 2485 3965 Senect.

1425 4022 1474 4058 ο.
1499 4009 1581 4055 14.
1627 4002 1643 4030 ⁴
1668 4002 1838 4052 Quum
1861 4008 1927 4045 ex
1951 4006 2015 4041 eo
2037 3989 2241 4055 quidam
2256 3988 2370 4051 jam
2393 3986 2486 4038 ad.

1422 4084 1567 4136 fecto
1586 4085 1743 4130 aetste
1764 4075 2050 4138 quaereret,
2072 4072 2378 4115 utereturne
2402 4077 2486 4113 re.

1424 4162 1521 4215 bus
1547 4152 1794 4207 Venereis
1812 4147 1848 4201 ς’
1881 4154 1896 4179 ‘
1919 4139 2187 4196 adfectus'
2210 4140 2368 4193 etiam
2390 4153 2485 4200 pro

1424 4242 1648 4301 egroto,
1660 4225 2022 4279 decumbente.
2044 4217 2179 4268 Vide
2193 4215 2487 4266 Nic.Hein.

1425 4315 1558 4368 sium
1583 4311 1649 4362 ad
1671 4308 1870 4358 Nason.
1896 4298 2074 4367 Amor.
2094 4294 2243 4364 Elcg.
2264 4305 2327 4349 ιι.
2342 4295 2391 4343 2.
2405 4293 2486 4346 21.
