2934 4925
469 411 641 478 8070

466 569 609 638 plebi
636 571 825 621 viritim
849 577 1068 634 septena
1083 570 1271 633 jugera
1291 566 1528 616 divisisse

465 649 661 698 dicitur
683 648 818 711 apud
841 648 1039 697 Colum.
1064 646 1129 695 de
1157 647 1232 694 Re
1253 646 1396 694 Rust.
1416 658 1452 693 1.
1478 648 1526 693 3.

468 732 482 754 ·
519 726 651 775 Post
691 738 839 787 reges
879 731 1090 773 exactos
1130 722 1399 771 Liciniana
1438 720 1528 769 illa

465 809 682 864 septena
710 801 915 863 jugera,
946 813 1061 863 quae
1091 798 1255 861 plebis
1289 797 1527 846 tribunus

465 877 657 925 viritim
702 877 971 939 diviserat,
1027 875 1248 938 majores
1298 881 1526 936 quaestus

465 953 689 1018 antiquis
736 952 995 1003 retulere.'
1077 949 1427 1000 Referendum
1472 947 1525 997 id

467 1030 673 1078 videtur
706 1030 769 1078 ad
803 1029 954 1093 hujus
989 1029 1237 1092 temporis
1273 1027 1526 1076 Licinium

464 1105 749 1164 Stolonem,
796 1106 883 1170 qui
924 1120 1036 1155 cum
1072 1106 1251 1155 Sextio
1290 1105 1525 1153 tribunus

464 1183 630 1248 plebis
681 1183 913 1233 existens
968 1184 1130 1244 legem
1184 1181 1527 1245 promulgavit

466 1268 493 1290 ⁰'
522 1259 591 1310 de
633 1260 787 1310 rn'odo
832 1273 1091 1321 agrorum,
1145 1273 1209 1306 ne
1249 1259 1362 1322 quis
1408 1258 1525 1320 plus

467 1338 748 1403 quingenta
787 1338 975 1402 jugera
1031 1338 1139 1401 agri
1195 1334 1531 1401 possideret,'

466 1421 603 1464 teste
642 1415 789 1464 Livio
827 1430 873 1462 c.
913 1419 993 1464 86.
1073 1414 1320 1463 Eamdem
1367 1412 1526 1461 etiam

467 1492 702 1555 pertulit.
774 1492 902 1539 Nam
938 1499 1121 1554 postea
1151 1492 1167 1518 ‘
1193 1506 1223 1539 a
1246 1490 1323 1539 Μ.
1348 1490 1528 1553 Popil-

455 1568 536 1620 -150
562 1568 774 1618 Laeuate
808 1582 902 1617 sua
936 1568 1052 1632 lege
1086 1570 1265 1616 decem
1302 1567 1527 1615 millibus

468 1645 584 1693 aeris
608 1655 692 1694 est
714 1645 1003 1708 damnatus,
1037 1645 1170 1709 quod
1206 1643 1343 1692 mille
1371 1644 1526 1707 juge·

468 1733 579 1771 rum
609 1724 720 1785 agri
744 1737 859 1772 cum
885 1722 990 1772 filio
1016 1720 1329 1786 possideret,
1353 1735 1528 1784 eman·

468 1799 795 1865 cipandoque
832 1799 990 1849 filium
1027 1797 1261 1849 fraudem
1307 1799 1410 1861 legi
1450 1795 1527 1846 fe-

469 1875 662 1940 cisset,’
696 1885 752 1924 ut
779 1871 954 1925 Livius
977 1873 1142 1924 refert
1162 1889 1265 1924 vn.
1286 1880 1362 1924 16.
1406 1873 1527 1926 Jam

468 1957 637 2000 antem
673 1953 790 2016 lege
821 1953 917 2001 hac
950 1953 1147 2015 perlata
1181 1967 1246 2001 ex
1279 1966 1357 2014 eo,
1390 1949 1529 2016 qnod

467 2029 732 2092 principes
777 2030 909 2092 plus,
948 2043 1098 2094 quam
1136 2025 1419 2093 quingenta
1441 2029 1529 2092 ju-

468 2117 608 2168 gera,
643 2106 1003 2167 possederant,
1036 2105 1175 2169 plebi
1202 2106 1387 2153 viritim
1414 2119 1531 2166 sep-

469 2185 592 2230 tena
621 2181 809 2245 jugera
848 2181 1081 2231 divisisse
1116 2180 1343 2230 videtur.
1409 2180 1529 2230 Non

470 2266 614 2307 recte
637 2265 809 2308 tamen
832 2258 924 2315 illi,
949 2259 1036 2322 qui
1052 2258 1124 2306 rei
1149 2257 1367 2319 agrarias
1390 2256 1532 2319 leges

469 2334 641 2382 varias
674 2334 995 2396 collegerunt
1029 2335 1172 2398 apnd'
1204 2333 1436 2383 Goesium
1478 2333 1530 2381 in

470 2409 567 2459 Rei
591 2409 777 2473 Agr-ar.
809 2409 1021 2460 Auctor.
1056 2426 1107 2474 p.
1130 2413 1245 2460 848.
1281 2410 1412 2474 legis
1444 2409 1531 2458 Li-

469 2486 620 2535 einiae
633 2488 732 2536 hoc
745 2495 902 2550 caput
918 2487 1327 2536 constituerunt:
1354 2490 1369 2515 ⁸
1390 2485 1530 2537 Quo-

470 2563 791 2627 tiescumque
814 2564 1033 2627 populus
1067 2563 1329 2612 Romanus
1354 2576 1531 2625 agrum

471 2649 565 2703 per
598 2647 865 2689 curatores
899 2639 1059 2689 dividi
1085 2640 1313 2702 jubebit,
1341 2639 1534 2701 jugera

469 2726 572 2766 non
595 2718 763 2766 miuus
799 2723 998 2781 septem
1022 2715 1382 2779 assignantor!
1450 2715 1533 2764 Li-

472 2794 636 2843 cinius
667 2795 806 2842 enim
850 2800 1068 2856 septena
1104 2793 1310 2856 quidem
1340 2792 1534 2854 jugera

470 2869 626 2933 piebi.
651 2869 846 2932 divisit,
890 2883 993 2917 non
1029 2876 1219 2926 tamen,
1266 2883 1330 2916 ne
1366 2868 1535 2916 minor

425 2953 713 3011 „numerus
761 2953 941 3009 postea
995 2944 1371 3006 adsignaretur,
1415 2944 1534 3004 lege

430 3019 434 3022 ’
473 3025 566 3087 sua
589 3024 922 3073 constituisse
950 3022 1172 3071 videtur.
1228 3021 1388 3071 Certe
1414 3026 1536 3084 post

471 3100 640 3162 higen:
677 3099 792 3161 ejus
822 3101 979 3149 latam
1006 3101 1124 3148 bina
1148 3099 1315 3147 adhuc
1341 3099 1536 3162 jugera

476 3176 749 3240 adsignata
764 3176 927 3226 fuisse
945 3185 1153 3227 constat
1177 3192 1241 3225 ex
1266 3178 1382 3225 loco
1402 3172 1537 3224 Livii

473 3254 685 3302 laudato
705 3258 829 3303 vin.
847 3258 929 3304 21.
955 3255 1078 3317 quin
1102 3255 1257 3302 etiam
1293 3253 1450 3317 quina
1475 3267 1536 3300 ac

476 3340 598 3378 seua
621 3329 808 3392 jugera
844 3331 1009 3378 adhuc
1043 3329 1331 3379 diutissime
1357 3338 1539 3392 postea

476 3405 666 3468 soepius
700 3405 866 3454 divisa
899 3412 1247 3455 memorantur
1281 3405 1416 3468 apud
1453 3407 1539 3454 Li-

476 3484 631 3532 vium.
651 3483 1197 3533 Videl.xxxrx.c.44.
1216 3491 1270 3532 et
1284 3489 1365 3532 55.
1385 3491 1438 3532 et
1452 3497 1539 3532 xn.

476 3563 559 3609 29.
593 3559 714 3609 Huc'
734 3560 889 3609 etiam
914 3560 1146 3609 Turneb.
1168 3561 1233 3609 ad
1258 3561 1368 3611 Cic.
1387 3560 1538 3611 Orat.

477 3637 669 3700 Agrar.
704 3651 768 3686 n.
804 3641 853 3686 8.
889 3638 1068 3686 retulit
1100 3639 1265 3688 locum
1288 3639 1539 3687 Varronis

478 3724 541 3763 ex
569 3715 601 3764 l.
634 3728 672 3763 1.
701 3714 767 3762 de
790 3714 869 3762 Re
893 3713 1047 3763 Rust.
1084 3729 1130 3762 c.
1163 3720 1211 3764 2.
1253 3715 1537 3764 secundum

478 3796 628 3854 quem
664 3792 679 3818 ‘
714 3790 773 3840 C.
807 3791 1043 3839 'Licinius
1086 3792 1324 3840 tribunus
1371 3791 1539 3855 piebis

443 3909 448 3916 .
478 3882 595 3918 cum
630 3876 787 3930 esset}
824 3878 940 3932 post
972 3885 1118 3932 reges
1146 3878 1361 3919 exactos
1392 3871 1539 3918 anuis

479 3950 709 3996 cccxxv.
758 3947 952 4009 primus
1005 3950 1250 4012 populum
1294 3947 1357 3996 ad
1397 3949 1539 4011 leges

478 4023 814 4085 accipiundas
832 4024 879 4070 in
900 4025 1293 4087 septemjrigera
1311 4022 1540 4073 forensia

481 4107 511 4145 e
557 4099 764 4146 comitio
809 4098 1025 4148 eduxit?
1110 4099 1183 4148 At
1231 4100 1392 4149 verba
1430 4105 1541 4163 post

478 4188 617 4235 reges
636 4179 827 4222 exactos
850 4176 986 4223 annis
1008 4174 1315 4225 CCCLXV.
1354 4177 1404 4224 id
1439 4178 1540 4225 alio

421 4248 426 4249 ⁷
481 4251 746 4314 pertinere
772 4250 1069 4302 ostendunt.
1139 4251 1257 4302 Alio
1281 4253 1435 4302 etiam
1463 4269 1541 4302 re·

481 4326 752 4376 ferendum
795 4328 972 4376 docuit
994 4327 1227 4393 Pighius
1264 4330 1315 4391 iu
1351 4328 1539 4379 Annal.

1162 425 1377 473 NOTA-2
1434 423 1834 472 vAmoRUM
1888 424 1971 472 IN

1603 565 1666 615 ad
1690 582 1737 616 a.
1762 563 1963 617 novur.
1989 583 2040 631 p.
2059 571 2173 618 464.
2222 569 2471 619 Ceterum
2498 575 2512 595 ‘
2530 568 2652 618 bina

1602 651 1656 691 et
1690 649 1706 671 ⁴
1734 642 1902 692 bona'
1937 645 2090 693 etiam
2128 645 2249 694 aiibi
2291 645 2343 694 in
2381 646 2508 695 Mss.
2551 660 2666 693 con·

1600 713 1905 768 funduntur.
1974 721 2564 785 Exemplumliabuimns
2592 734 2668 769 tv.

1601 798 1681 844 ⁸⁴.
1713 797 1812 861 §4
1883 797 2174 860 Proeterea,
2215 798 2540 861 transpositis
2582 813 2667 844 vo-

1600 871 1765 933 cibus,
1787 871 1963 934 jugera
1982 874 2108 935 plebi
2130 874 2240 934 agri
2274 873 2495 922 Gaertn.
2515 872 2670 936 plebei

1600 955 1685 996 est
1713 949 1765 998 in
1809 949 1934 998 Lov.
1960 954 2004 999 l.
2042 950 2320 999 dividentur
2355 951 2405 999 in
2444 950 2592 998 Harl.
2618 952 2666 998 1.

1601 1026 1691 1089 qni
1742 1025 1877 1074 idem
1925 1027 2092 1075 codex
2152 1028 2317 1075 verbis
2375 1040 2522 1090 seqq.
2563 1027 2669 1088 plus

1596 1106 1763 1163 genta,
1787 1117 1880 1165 pro
1897 1103 2009 1166 plus
2026 1104 2302 1166 qtdngento,
2327 1117 2435 1164 prae
2445 1102 2571 1150 fert.

1680 1176 1775 1227 Vix
1795 1181 1857 1228 ad
1879 1184 2052 1229 tectum
2072 1180 2388 1229 necessarium
2410 1183 2501 1227 aut
2521 1180 2668 1227 locum

1599 1258 1854 1324 sepulturae
1870 1273 1987 1306 suus
2001 1263 2189 1321 poteret
2205 1258 2346 1320 ager]
2368 1254 2434 1305 Τὸ
2451 1257 2541 1304 vix
2557 1258 2667 1305 loeo

1601 1345 1697 1383 sno
1730 1339 1922 1383 motum
1957 1334 2091 1383 iufra
2124 1343 2247 1383 ante
2283 1348 2461 1382 vocem
2486 1338 2668 1394 pateret

1602 1412 1836 1462 inserunt
1882 1409 2031 1461 Harl.
2072 1417 2117 1461 1.
2165 1413 2315 1461 Port.
2354 1412 2576 1461 Gaertn.
2616 1419 2669 1459 et

1605 1488 1742 1538 Hav.
1790 1490 2039 1540 Eamdem
2061 1491 2410 1555 vocemplane
2428 1490 2670 1553 ignorant

1604 1557 1730 1615 Lov'.
1758 1571 1804 1616 1.
1828 1570 1876 1615 2.
1899 1576 1951 1616 et
1974 1574 2022 1617 6.
2089 1568 2219 1617 Tum
2255 1570 2320 1615 ad
2354 1565 2671 1615 necessarium

1604 1650 1778 1695 tectum
1816 1647 2041 1696 Gaertn.
2107 1645 2317 1696 Deinde
2344 1648 2497 1694 locum
2517 1646 2670 1707 sepul-

1601 1728 1714 1775 chro
1735 1727 1948 1776 Hearnii
1971 1728 2139 1777 Oxou.
2158 1728 2219 1776 C.
2262 1727 2505 1790 Denique
2522 1713 2603 1790 ’ῥα
2627 1730 2673 1774 et

1603 1818 1722 1863 ager
1742 1799 1927 1867 fragm.
1953 1802 2089 1853 Hav.
2110 1810 2297 1867 pareret
2317 1815 2438 1863 ager
2460 1802 2607 1850 Leid.
2625 1806 2671 1852 2.

1605 1883 1621 1911 ⁸
1642 1882 1834 1942 Patere
1850 1881 1865 1904 ’
1890 1884 2158 1945 proprium
2182 1882 2233 1930 iu
2255 1881 2352 1930 liac
2378 1894 2435 1927 re
2456 1878 2671 1927 verbum

1605 1966 1705 2007 est.
1743 1959 1855 2008 Liv.
1881 1949 2110 2009 xxxv11.‘
2143 1963 2223 2008 31.
2256 1957 2273 1983 ‘
2296 1955 2446 2005 Mille
2484 1962 2541 2006 et
2580 1954 2670 2003 du-

1605 2045 1785 2085 centos
1845 2049 2022 2099 passus
2079 2034 2152 2084 ibi
2209 2032 2433 2083 latitudo
2490 2029 2672 2095 patet!

1605 2123 1859 2161 xxxvnt.
1903 2115 1955 2162 «t.
2011 2113 2027 2139 ‘
2068 2111 2222 2159 Muro
2271 2120 2479 2172 quoque
2525 2106 2671 2154 firmo

1606 2197 1755 2250 septa
1778 2194 1912 2247 erat,
1943 2193 2154 2250 patente
2177 2186 2229 2234 iu
2255 2183 2476 2233 circuitu
2503 2182 2673 2246 paullo

1607 2264 1826 2327 amplius
1870 2264 1967 2312 tris
2008 2259 2166 2311 millia
2210 2259 2492 2324 passuum.’
2526 2262 2677 2307 c.59.

1607 2340 1623 2367 ⁸
1649 2340 1931 2404 Regiouem
1973 2338 2171 2387 dierum
2214 2339 2327 2401 plus
2362 2335 2588 2399 triginta
2622 2336 2672 2383 in

1607 2416 2000 2481 longitudinem,
2019 2415 2198 2465 decem
2222 2414 2362 2463 inter
2386 2413 2491 2462 duo
2508 2411 2678 2460 'maria

1608 2495 1660 2542 iu
1684 2493 2015 2543 latitudinem
2039 2488 2346 2555 patentem!
2382 2491 2605 2539 Sueton.
2624 2489 2674 2537 in

1606 2570 1725 2619 Tib.
1749 2585 1795 2619 c.
1820 2574 1902 2619 16.
1927 2571 1942 2595 ‘
1963 2570 2100 2618 Toto
2120 2568 2353 2632 Illyrico,
2376 2565 2516 2631 quod
2538 2565 2677 2613 inter

1608 2647 1815 2696 ltaliam
1841 2654 2153 2710 regnumque
2173 2644 2422 2694 Noricum
2448 2649 2503 2692 et
2518 2642 2675 2691 Thra-

1610 2723 1742 2771 ciam
1778 2728 1832 2772 et
1868 2721 2250 2785 Macedoniam,
2285 2721 2533 2783 interque
2568 2721 2677 2768 Da-

1610 2800 1819 2850 nubium
1859 2798 2049 2849 flumen
2083 2808 2136 2848 et
2171 2800 2336 2847 sinum
2376 2797 2531 2845 maris
2564 2790 2676 2845 Ha*-

1610 2878 1817 2927 driatici
1844 2886 2009 2941 patet,
2031 2874 2359 2941 perdomito-¹
2393 2874 2592 2926 sustin.
2616 2888 2676 2923 11.

1608 2959 1658 3003 2.
1698 2962 1713 2983 ‘
1737 2956 1964 3003 Multum·
2001 2954 2052 3002 in
2078 2951 2457 3015 longitudinem
2485 2959 2540 3000 et
2563 2951 2674 3000 lati·

1610 3031 1843 3081 tudinem
1888 3029 2069 3093 patet.'
2114 3043 2250 3079 xut.
2287 3034 2336 3078 2.
2372 3037 2388 3059 ⁴
2427 3027 2675 3077 Armenia

1611 3122 1641 3157 a
1673 3106 2008 3172 Cappadocia
2042 3122 2202 3172 usque
2245 3110 2388 3154 mare
2426 3104 2671 3166 Caspium

1610 3186 1857 3235 undecies
1878 3192 2085 3233 centum
2109 3183 2270 3232 millia
2289 3179 2473 3245 patet!
2504 3181 2675 3229 Patere

1611 3268 1785 3310 antem
1818 3268 1872 3310 et
1899 3248 2360 3310 Parere'interd'um
2400 3257 2674 3306 turbantur

1612 3339 1749 3386 inter
1774 3352 1829 3386 se
1855 3337 1906 3385 in
1931 3338 2060 3386 Mss.
2095 3335 2230 3384 Vide
2257 3334 2321 3383 ad
2349 3335 2466 3383 Liv,
2493 3347 2574 3382 lx.
2599 3337 2673 3380 18.

1613 3415 1641 3476 ς
1663 3417 1712 3461 7.
1781 3413 1867 3461 De
1890 3412 2136 3474 sepulcris
2162 3412 2214 3458 in
2234 3425 2355 3472 agro
2374 3409 2676 3462 exstructis,

1615 3496 1810 3553 praeter
1842 3489 2043 3539 Victor.
2079 3489 2210 3538 Var.
2250 3487 2411 3534 Lect.'
2443 3498 2567 3535 xiv.
2595 3488 2671 3533 21.

1613 3567 1730 3615 vide
1755 3566 1976 3618 Guther.
2009 3566 2075 3614 de
2098 3566 2230 3617 Jure
2254 3564 2402 3614 Man.
2432 3576 2495 3613 11.
2521 3567 2601 3612 33.
2626 3568 2677 3610 et

1614 3644 1952 3694 Kirclimann.
1975 3642 2039 3690 de
2060 3643 2248 3690 Funer.
2274 3641 2432 3695 Ronu
2451 3654 2516 3689 11.
2534 3642 2615 3688 22.

1678 3724 1705 3786 §
1740 3726 1804 3770 12
1839 3721 1918 3769 An
1949 3717 2374 3782 placeret,foenore
2395 3716 2675 3765 clrcumveu·

1614 3802 1714 3848 tam
1733 3797 1928 3862 plebem,
1960 3797 2012 3845 ni
2033 3796 2194 3859 potius
2214 3811 2353 3858 quum
2376 3800 2556 3844 sortem
2576 3808 2676 3841 cre·

1612 3872 1766 3921 ditum
1790 3872 1964 3936 solvat]
1996 3860 2113 3920 Hoc
2138 3871 2191 3920 m·
2215 3871 2472 3932 tollerem,·
2495 3877 2548 3918 et
2575 3868 2675 3930 pla-

1613 3949 1729 3997 nior
1775 3949 1876 3998 erit
1921 3947 2098 3998 lecti0.
2184 3948 2371 4009 Neque
2423 3958 2544 3993 vero
2596 3956 2671 3991 me

1614 4027 1760 4082 latet,
1799 4040 1913 4089 quae
1950 4029 2192 4087 portenta
2223 4022 2431 4085 qnidam
2457 4021 2539 4070 hic
2564 4034 2673 4081 pro-

1615 4101 1862 4157 diderint,
1891 4106 1946 4147 ut
1968 4101 2103 4147 hunc
2131 4093 2461 4160 explicarent
2490 4097 2672 4144 locum.

1615 4177 1745 4226 Mihi
1772 4177 1930 4224 satius
1948 4170 2043 4223 hoc
2063 4174 2284 4222 videtur.
2313 4173 2455 4221 Glar.
2494 4171 2671 4221 Glare-

1616 4266 1741 4302 anus
1767 4250 2046 4301 tollendam
2071 4260 2246 4298 vocem
2275 4255 2427 4311 putat
2451 4248 2584 4296 illam
2605 4245 2670 4307 πί,

1616 4337 1671 4380 et
1695 4330 1971 4379 immerito.
2025 4328 2217 4378 Sensus
2240 4326 2374 4376 enim
2406 4332 2516 4375 est:
2566 4324 2667 4387 pla·
