2934 4925
606 441 786 506 7550

606 599 771 649 millia
805 599 925 649 aeris
961 599 1014 649 in
1039 613 1199 650 snnos
1223 599 1450 665 singulos
1475 598 1669 663 pende-

605 674 757 726 rent.'
826 677 1052 741 Insuper
1084 691 1214 727 num.
1243 682 1316 728 est
1349 677 1462 727 «νὴ
1487 677 1669 740 ussign.

610 752 830 802 Gaertn.

669 828 698 891 ς
725 831 783 876 13
821 829 940 877 Tum
956 829 1162 892 primum
1185 830 1316 893 equis
1339 844 1516 878 maen
1537 828 1669 893 equi-

605 907 678 954 tes
691 902 951 966 coeperimt]
990 905 1264 970 Epitome:
1289 908 1304 935 ‘
1325 907 1542 971 Equites
1560 914 1667 955 tnm

604 980 822 1045 primum
843 983 991 1045 equis
1012 983 1116 1032 suis
1140 980 1669 1052 mererecoepernnt?

605 1060 727 1108 Non
766 1064 941 1108 tamen
981 1058 1102 1108 hine
1142 1059 1293 1108 Livio
1335 1056 1669 1107 inserendum

601 1132 660 1183 τὸ
679 1136 808 1185 suis:
833 1135 922 1200 qui
944 1134 1184 1185 subtilius
1207 1141 1330 1184 ente
1346 1140 1508 1197 neget
1526 1133 1669 1206 eqni·

603 1213 724 1260 tes·‘
744 1227 879 1277 equo
902 1212 1170 1268 meruisse,
1174 1211 1258 1260 ’id
1276 1216 1376 1272 est,
1398 1210 1667 1274 accepisse

599 1288 914 1351 stipendium
938 1289 1134 1338 militioe
1157 1303 1358 1361 caussa,
1376 1293 1435 1337 ut
1453 1302 1551 1337 nec
1577 1302 1667 1352 pe-

601 1363 741 1412 dites
784 1363 1138 1427 accipiebant.
1206 1365 1409 1429 Equum
1446 1364 1666 1414 liberali·

605 1446 714 1489 tate
739 1439 1040 1504 reipublicae
1064 1441 1348 1504 hebebant,
1373 1450 1531 1507 etque
1563 1441 1667 1491 ele-

604 1516 752 1579 bant,
769 1516 859 1566 sed
876 1531 940 1566 eo
960 1517 1124 1581 gratis
1136 1517 1458 1568 militabant:
1479 1530 1667 1581 equum

602 1592 863 1657 publicum
894 1593 1176 1655 habebant,
1204 1594 1295 1643 sed
1328 1608 1431 1643 non
1470 1595 1668 1658 stipen-

603 1670 744 1719 dium
776 1671 1009 1724 militiaez
1056 1671 1108 1720 id
1133 1685 1291 1728 nnnc,
1317 1678 1376 1720 ut
1396 1677 1451 1720 et
1483 1665 1670 1734 pediti,

602 1745 915 1811 adjectum.
953 1747 1129 1797 Livius
1165 1746 1377 1812 proprie
1415 1747 1669 1811 designat,

599 1824 689 1890 qni
722 1826 979 1890 equestris
1014 1831 1191 1874 essent
1224 1824 1446 1874 ordinis:
1483 1831 1539 1874 et
1569 1825 1665 1875 sub

600 1899 704 1949 illis
740 1899 1141 1963 comprehendit
1159 1899 1285 1949 elios
1308 1899 1397 1964 qni
1415 1914 1510 1949 suo
1531 1911 1666 1964 equo

601 1975 895 2037 merebant,
939 1991 1001 2025 sc
1056 1975 1415 2025 tantummodo
1466 1975 1665 2026 militiae

602 2066 736 2101 enno
770 2051 1104 2116 accipiebant
1137 2059 1193 2101 et
1231 2058 1455 2101 sumtum
1485 2051 1667 2102 'alendi

600 2141 808 2192 equum,
834 2135 889 2176 et
912 2127 1248 2191 stipendium.
1312 2125 1518 2177 Auctor
1540 2128 1666 2193 Epi·

598 2209 766 2253 tomes
800 2203 1055 2267 appellat,
1092 2202 1277 2267 quibus
1308 2217 1412 2252 non
1444 2211 1556 2254 erat
1588 2218 1668 2254 ss·

599 2280 832 2344 signatus
867 2279 1104 2344 publicus
1133 2294 1320 2346 equus,
1348 2285 1403 2330 et
1436 2280 1533 2330 sub
1568 2281 1666 2330 illis

599 2356 693 2406 dat
716 2356 1132 2421 intelligendum,
1170 2357 1293 2422 qnid
1318 2357 1478 2407 etiam
1502 2359 1667 2407 conti·

597 2433 735 2501 gerit
758 2434 856 2484 illis
876 2435 963 2500 qui
992 2448 1182 2501 equum
1216 2434 1480 2500 publicum
1503 2435 1663 2487 habe-

596 2511 742 2562 bant.
776 2512 954 2562 Livius
979 2511 1073 2573 sit,
1095 2519 1206 2562 tnm
1229 2513 1450 2577 primum
1485 2512 1665 2578 ‘equis

598 2587 838 2651 equites,’
871 2596 1000 2653 puts
1027 2593 1084 2638 et
1114 2589 1231 2639 illos
1263 2590 1352 2654 qui
1398 2589 1663 2654 publicum

598 2663 874 2726 heberent,
895 2671 950 2715 et
973 2665 1063 2729 qni
1080 2680 1174 2714 sno
1192 2665 1505 2729 militabant,
1526 2672 1543 2695 ‘
1557 2679 1663 2716 me·

596 2738 801 2804 ruisse‚'
823 2741 874 2789 id
906 2749 1010 2803 est,
1036 2740 1350 2806 stipendium
1379 2743 1663 2807 accepisse.

595 2815 778 2865 Florus
810 2816 827 2845 ‘
848 2816 995 2882 equis
1029 2816 1136 2866 suis
1168 2816 1453 2879 meruisse,’
1489 2817 1542 2867 id
1564 2822 1662 2875 est,

596 2888 858 2957 stipendio
881 2900 1125 2957 eccepto,
1143 2893 1390 2944 militasse
1403 2895 1492 2958 qni
1512 2908 1660 2944 sunm

594 2968 866 3019 haberent.
898 2970 956 3018 J.
976 2970 1041 3020 F.
1069 2970 1224 3019 Grau.
1293 2970 1450 3021 Hunc
1489 2972 1659 3021 locum

594 3060 697 3095 non
722 3046 906 3096 eodem
931 3046 1082 3097 modo
1098 3056 1414 3111 acceperunt
1435 3047 1660 3112 Lipsius,

592 3121 881 3186 Puteanus,
904 3128 960 3172 et
980 3122 1281 3184 Salmasius,
1303 3138 1517 3188 quornm
1543 3138 1660 3174 sen-

595 3197 788 3247 tentias
823 3203 1064 3249 recenset
1102 3205 1160 3248 et
1207 3198 1467 3264 improbat
1498 3200 1659 3250 Sche-

591 3272 692 3321 lins
727 3272 952 3323 Dissert.
985 3273 1050 3323 ad
1085 3275 1276 3339 Polyb.
1304 3277 1340 3325 l.
1366 3289 1444 3326 lv.
1481 3276 1569 3326 ubi
1602 3281 1660 3326 et

593 3362 659 3399 ex
675 3348 919 3413 Epitoma
941 3350 1214 3413 legendum
1228 3357 1385 3415 putat
1395 3353 1527 3416 equis
1541 3353 1659 3413 suis,

593 3426 849 3491 probante
884 3426 1098 3477 Graevio
1130 3426 1184 3475 in
1219 3428 1426 3492 Proleg.
1455 3428 1524 3478 ad
1547 3426 1657 3478 An-

592 3506 686 3571 tiq.
729 3506 878 3555 Rom.
918 3512 1043 3556 tom.
1077 3518 1119 3554 1.
1162 3504 1404 3570 Sigonius
1440 3507 1507 3556 de
1529 3508 1656 3560 Ant.

589 3582 706 3634 Jur.
763 3582 875 3634 Civ.
928 3584 1077 3633 Rom.
1113 3597 1178 3633 11.
1212 3599 1260 3633 e.
1300 3588 1351 3635 2.
1386 3584 1488 3634 hoc
1539 3586 1656 3636 loco

592 3659 728 3710 Livii
752 3657 927 3722 nixus,
955 3660 1144 3711 statuit
1178 3660 1307 3710 elios
1331 3658 1489 3711 fuisse
1513 3663 1654 3726 equi·

591 3744 672 3788 tes
695 3750 829 3801 equo
847 3737 1074 3801 publico,
1098 3735 1185 3802 qui
1212 3737 1260 3785 in
1283 3737 1428 3788 Urbe
1451 3746 1655 3789 senato·

589 3812 753 3876 ribus,
772 3813 898 3862 elios
923 3827 1058 3876 equo
1092 3814 1314 3878 privato,
1354 3814 1441 3879 qui
1466 3816 1518 3864 in
1540 3816 1654 3866 scie

587 3888 856 3955 peditibus
918 3897 1346 3954 opponerentur3
1389 3906 1489 3941 nec
1543 3893 1654 3957 bos,

589 3965 684 4016 sed
708 3973 907 4016 tantum
931 3966 1046 4016 illos
1080 3967 1333 4032 equestris
1355 3969 1550 4018 ordinis
1572 3968 1652 4020 fu·

585 4045 709 4094 isse.
763 4043 970 4092 Manut.
992 4057 1194 4107 quoque
1217 4043 1281 4092 ad
1305 4058 1494 4094 nouem
1517 4047 1651 4110 epis·

593 4121 753 4171 tolsm
798 4119 948 4169 Coelii
991 4118 1055 4167 ud
1094 4119 1262 4168 Cicer.
1295 4119 1496 4185 (Epist.
1537 4122 1651 4172 Cic.

588 4197 680 4248 lib.
699 4193 855 4259 vm.)
877 4195 1147 4260 distinguit
1162 4195 1364 4260 equites
1386 4198 1648 4249 Romanos

589 4286 725 4339 equo
749 4270 960 4335 publico
994 4270 1061 4321 sb
1092 4271 1352 4335 equitibus
1386 4287 1522 4338 equo
1546 4275 1646 4338 pri·

590 4356 734 4415 veto,
756 4354 812 4399 et
837 4349 929 4399 hos
961 4361 1062 4398 non
1094 4346 1253 4398 fuisse
1285 4350 1543 4415 equestris
1564 4364 1647 4402 or·

1305 455 1522 506 No'rAE
1555 455 1978 508 -VAluoRUM
2035 457 2126 506 m.
2165 485 2174 492 —

1745 600 1879 651 dinis
1934 600 2081 652 dicit.
2149 600 2221 651 Et
2268 598 2476 665 Lipsius
2529 599 2605 651 de
2672 602 2753 650 Mi

1744 677 1898 728 Rom.
1915 692 1953 728 1.
1971 683 2023 727 6.
2041 676 2240 735 scribit,
2255 675 2455 742 duplex
2468 690 2672 740 corpus
2687 692 2753 740 eq

1744 759 1855 803 tum
1878 751 2063 816 fnisse,
2084 753 2208 802 alios
2230 767 2367 817 equo
2387 752 2627 817 publico,
2652 758 2752 802 vet

1731 828 1989 890 ‚tissimos‚
2023 837 2079 878 et
2107 830 2315 893 proprie
2350 843 2412 878 ec
2445 830 2586 878 solos
2620 830 2750 893 equi

1744 907 1863 955 olim
1889 905 2076 966 dictos,
2098 905 2224 955 alios
2251 904 2362 955 sine
2391 919 2477 954 eo.
2548 904 2753 954 Advers

1741 982 1874 1030 hanc
1890 981 2204 1030 sententiam
2224 980 2388 1030 mults
2403 980 2654 1045 disputat
2675 981 2753 1030 Gn

1742 1057 1853 1106 vius
1868 1056 1921 1105 d.
1946 1057 1981 1105 l.
2001 1071 2117 1121 qnae
2137 1055 2212 1105 ibi
2231 1056 2329 1118 legi
2354 1063 2602 1120 possunt.
2675 1057 2747 1106 In

1740 1147 1856 1197 qnae
1877 1132 2119 1197 Sigonius
2150 1132 2217 1181 de
2244 1132 2445 1196 origine
2469 1139 2753 1194 utrorumq

1741 1211 1971 1274 equitnm
2011 1209 2203 1266 tradit,·
2229 1209 2470 1273 quaedam
2503 1214 2632 1258 sunt
2670 1209 2753 1256 val

1741 1286 1919 1336 dubis.
1941 1286 2207 1336 Graevium
2235 1286 2454 1335 multum
2478 1285 2661 1348 juvet,
2683 1300 2753 1349 qu

1740 1377 1991 1428 nusquam
2004 1363 2198 1413 mentio
2213 1369 2295 1413 est
2312 1363 2548 1427 equitnm
2566 1376 2707 1427 equo
2726 1377 2753 1425 p

1742 1446 1883 1490 vato.
1926 1439 2031 1489 Sed
2051 1453 2209 1504 quum
2233 1445 2339 1490 tsm
2365 1439 2712 1489 vehementer
2730 1453 2753 1488 c

1742 1522 1942 1579 pugnat
1983 1515 2269 1579 sigonium,
2312 1530 2416 1566 non
2463 1516 2682 1566 videtur
2730 1516 2753 1564 ε’

1741 1592 1913 1642 buisse
1936 1593 1986 1641 in
2010 1593 2160 1643 Livio
2181 1593 2418 1658 recipere
2444 1593 2753 1657 conjectura

1740 1667 1928 1718 Sebelii
1966 1668 2098 1731 equis
2128 1668 2245 1719 suis.
2311 1667 2449 1718 Nem
2482 1668 2612 1732 quid
2648 1667 2753 1717 ints

1740 1751 1822 1794 est
1859 1744 1999 1794 inter
2031 1758 2122 1794 eos
2157 1743 2246 1809 qni
2269 1745 2417 1809 cquis
2454 1744 2585 1806 suis,
2626 1751 2688 1793 et
2726 1758 2753 1792 e

1740 1821 1826 1885 qni
1852 1820 1995 1886 equis
2019 1820 2234 1884 privatis
2265 1820 2502 1870 merent?
2536 1820 2748 1870 Praeter

1740 1901 1785 1948 si
1822 1898 2000 1948 Livius
2041 1898 2271 1962 scripsit,
2304 1903 2406 1949 tem
2435 1897 2648 1959 primm
2683 1911 2753 1961 eqi

1736 1976 1838 2026 suis
1873 1990 2052 2025 merere
2101 1975 2284 2039 equites
2336 1979 2595 2039 caeperunt,
2654 1989 2748 2023 ver

1739 2061 1841 2105 tum
1859 2053 2067 2117 prim
2088 2052 2344 2109 indicant,
2382 2059 2398 2081 ‘
2415 2052 2606 2102 deinde
2630 2051 2753 2101 iden

1738 2131 1919 2181 ‘initio
1960 2130 2079 2180 hinc
2116 2128 2275 2192 orto‚'
2307 2130 2360 2179 in
2400 2144 2498 2179 usu
2536 2129 2753 2179 msusiss

1740 2209 1812 2258 Et
1838 2208 2089 2271 leguntur
2111 2205 2354 2272 quaedsm
2377 2206 2427 2256 in
2456 2205 2624 2269 Livio,
2641 2220 2672 2255 e
2697 2221 2752 2270 qt

1740 2283 1833 2333 bus
1855 2283 1900 2333 si
1924 2297 2029 2332 non
2048 2281 2474 2346 appellationem,
2497 2288 2673 2331 temen
2697 2295 2753 2329 re

1738 2358 1921 2424 fuisse,
1967 2358 2347 2424 quodammodo
2389 2357 2563 2421 colligi
2621 2356 2753 2421 possi

1737 2435 1875 2486 Vide
1904 2440 2129 2488 xxt.69.
2155 2447 2316 2486 xxw.
2334 2438 2414 2484 18.
2433 2441 2490 2485 et
2513 2446 2696 2485 xxvn.
2723 2437 2749 2483 1

1735 2512 1873 2562 Duk.
1929 2514 2090 2563 Plura
2131 2512 2250 2561 vide
2282 2510 2421 2576 spud
2463 2511 2692 2562 Gronov.
2735 2526 2751 2559 ‹

1736 2589 1943 2641 Pecun.
1963 2589 2087 2638 Vct.
2108 2602 2196 2638 ιιι.
2218 2592 2269 2638 2.
2293 2603 2347 2651 p.
2372 2591 2485 2637 124.
2551 2588 2750 2637 Cetern

1740 2664 1861 2714 Tum
1879 2664 2088 2728 primum
2106 2678 2247 2728 equos
2266 2663 2549 2714 Klockisn.
2572 2669 2628 2714 et
2650 2663 2750 2712 Lei

1738 2746 1786 2793 1.
1823 2757 2041 2808 qnorum
2077 2742 2338 2806 posterior
2358 2740 2749 2805 tamen'eqinisii

1737 2826 1821 2871 ter
1843 2833 2022 2870 versus
2044 2817 2366 2883 adscriptum
2388 2817 2563 2868 babet.
2632 2817 2749 2867 Plan

1735 2898 1867 2949 mire
1905 2908 1964 2948 et
2006 2898 2117 2947 sine
2150 2896 2314 2947 dnbio
2354 2896 2672 2960 interpolate
2713 2908 2748 2944 ει

1733 2975 1917 3031 lectio,
1941 2988 2094 3039 quem
2120 2973 2294 3023 inveni
2324 2972 2375 3021 in
2411 2971 2552 3023 Flor.
2583 2971 2749 3022 Tamti

1728 3050 1939 3114 primum
1972 3064 2114 3114 equos
2148 3064 2383 3099 sumere
2431 3050 2607 3113 equites
2627 3065 2747 3115 τωρ.

1731 3132 1865 3190 runt,
1918 3139 2016 3191 pro
2073 3140 2176 3190 quo
2219 3125 2406 3176 deinde
2464 3126 2747 3177 emendetui

1733 3207 1817 3252 est
1835 3216 2019 3253 sumere
2035 3218 2052 3251 .·
2084 3201 2324 3252 similiter
2346 3217 2462 3265 quae
2487 3203 2536 3251 in
2574 3202 2747 3252 Leidd

1732 3287 1907 3331 exstat
1927 3281 2046 3331 Τιιηι
2062 3280 2271 3343 privum
2284 3280 2464 3344 equites
2484 3294 2630 3330 emere
2651 3294 2747 3344 equ-⁴

1730 3362 2001 3424 ceperunt.-
2035 3350 2094 3407 ut
2126 3366 2182 3407 et
2218 3358 2269 3407 in
2305 3356 2508 3407 Lov.6.
2544 3357 2655 3406 Tum
2680 3372 2745 3419 prz

1731 3450 1857 3484 mum
1900 3448 2042 3497 equos
2086 3448 2239 3484 emere
2302 3433 2482 3497 equites
2536 3447 2745 3497 φρει-ιω

1730 3510 1981 3561 Proxime
2020 3509 2233 3559 accedit
2266 3509 2397 3558 Lov.
2426 3512 2474 3558 2.
2520 3523 2650 3571 equos
2680 3523 2745 3558 me

1730 3588 1830 3638 reri
1871 3587 2051 3652 equites
2089 3591 2347 3650 coeperunt.
2413 3584 2486 3635 At
2531 3585 2642 3636 Tum
2678 3601 2745 3649 pri

1728 3680 1855 3716 mum
1876 3664 2056 3729 equites
2085 3678 2262 3713 merere
2293 3677 2435 3727 equos
2454 3669 2672 3727 coeperuut
2693 3665 2743 3712 ba

1731 3736 1822 3792 bet
1846 3741 1974 3791 Lov.
1994 3745 2042 3790 1.
2065 3756 2095 3790 s
2119 3756 2187 3788 m.
2221 3754 2301 3804 pr.
2339 3746 2516 3804 postea
2540 3740 2665 3789 enim
2704 3742 2743 3789 ul

1730 3820 1870 3873 timae
1894 3819 2061 3868 literae
2101 3817 2242 3868 vocis
2280 3832 2423 3880 equos
2446 3818 2666 3881 subjecte
2692 3832 2743 3868 es

1727 3902 1869 3954 nota,
1897 3909 1999 3960 qua
2031 3908 2145 3944 eam
2183 3893 2456 3942 delendam
2488 3906 2593 3941 esse
2627 3892 2743 3944 libra

1728 3974 1831 4022 rius
1853 3970 2123 4022 indicavit.
2190 3968 2363 4019 Verba
2389 3976 2553 4017 entem
2574 3970 2679 4018 oeris
2699 3986 2741 4020 es

1721 4042 2021 4113 adsignatus.
2077 4048 2198 4098 Tum
2210 4047 2421 4111 primum
2440 4044 2567 4109 equis
2588 4047 2739 4098 desnn

1733 4128 2091 4253 ingl-lofam
2107 4201 2240 4251 modo
2258 4199 2475 4250 restituit
2488 4198 2641 4262 opem]
2661 4201 2740 4252 Aa*

1720 4279 1866 4328 missu
1887 4279 2025 4329 Har.
2044 4278 2199 4327 solito
2216 4290 2412 4325 errore.
2478 4276 2601 4325 Vide
2617 4277 2675 4325 ed
2692 4291 2739 4327 iv

1720 4357 1801 4405 12.
1834 4355 1962 4417 §11.
2027 4351 2214 4404 Paullo
2239 4358 2362 4402 ante
2376 4350 2653 4418 matario,
2673 4367 2739 4417 pr«
