2934 4925
466 361 642 427 7818

465 520 595 572 Tum
620 522 667 569 et
689 517 887 580 nidores
906 518 1096 568 intersit
1117 518 1266 568 Leid.
1286 522 1338 568 2.
1375 516 1529 568 Harl.

469 600 518 646 2.
553 602 610 646 ot
632 596 762 646 editi
797 602 920 644 ante
954 593 1167 657 Alduin,
1190 593 1277 656 qui
1298 608 1356 643 ac
1377 593 1529 655 naaio-

470 685 550 720 res
572 669 736 720 dedit.
802 672 873 720 Et
896 669 1096 731 σιτήσι-ει
1116 674 1301 719 nostros
1334 669 1530 719 intersit·

474 745 614 796 Ηιιν.
671 762 727 796 ac
746 745 943 806 naiores
956 748 1140 793 nostros
1161 744 1352 794 intersit
1375 743 1529 795 Port.

478 822 616 886 quod
642 822 880 885 Sigonius
900 825 952 869 in
976 829 1277 872 contextum
1307 821 1531 883 recepit.

468 897 562 948 sed
585 912 616 948 a
641 897 1019 947 recentioribus
1055 905 1201 948 recte
1236 898 1529 961 neglectum

468 983 571 1028 est.
632 973 699 1024 ‘rb
719 974 899 1023 nostris
919 975 1058 1023 enim
1076 981 1131 1024 et
1151 989 1181 1022 a
1204 975 1458 1037 plurimis,
1474 979 1528 1025 et

474 1055 541 1106 ab
563 1055 774 1119 optimis
797 1053 948 1104 codd.
970 1053 1116 1102 abest
1135 1068 1151 1115 ;
1176 1061 1229 1102 et
1252 1054 1362 1103 sine
1381 1053 1531 1105 dam-

465 1147 532 1182 no
556 1132 775 1195 intelligi
813 1136 1004 1195 potest.
1069 1129 1207 1180 Vide
1243 1132 1308 1180 ad
1339 1144 1406 1182 ιι.
1440 1136 1527 1180 55.

471 1210 500 1273 §
518 1214 567 1257 5.

531 1283 620 1332 1115
654 1297 793 1333 sacra
813 1285 1027 1346 quoedam
1056 1283 1112 1331 in
1153 1288 1311 1336 monte
1338 1282 1529 1336 Albano

468 1360 742 1423 Lavinaque
775 1360 908 1408 nobis
931 1360 1163 1421 facienda
1199 1360 1523 1425 tradiderunt]

468 1436 714 1501 Antiqua.
723 1437 880 1485 lectio
901 1442 981 1485 est
1006 1436 1313 1500 Laviniaque.
1350 1437 1525 1488 Rben.

466 1512 723 1577 Equidem
748 1511 825 1561 ἐπὶ
846 1511 983 1575 λόφῳ
1011 1510 1104 1562 τινὶ
1125 1512 1396 1563 Lavinium
1419 1521 1525 1564 sta

465 1591 569 1639 tuit
596 1590 1159 1655 Dionysiusl.1.p.45.
1193 1589 1420 1641 Videtur
1444 1600 1523 1642 ta-

463 1682 583 1718 men
599 1668 774 1716 Livius
797 1668 1066 1730 scripsisse
1087 1667 1139 1715 ia
1159 1644 1316 1716 monte
1337 1667 1523 1718 Albano

464 1745 769 1808 Laviniique.
802 1745 956 1795 Voss.
977 1748 1024 1794 1.
1047 1743 1370 1807 Andreas,et
1390 1746 1527 1808 pris

463 1836 538 1872 coe
555 1821 676 1873 edd.
689 1821 981 1885 asinoque.
999 1821 1054 1872 J
1056 1822 1114 1871 F
1118 1821 1282 1872 Gron.
1317 1822 1379 1872 In
1392 1838 1527 1872 mom

463 1905 513 1950 ts
535 1900 720 1950 Albano
755 1900 1026 1964 Lavinaque
1064 1909 1256 1964 praeter
1288 1902 1438 1950 Voss.

459 1979 655 2029 babent
679 1978 835 2028 etiam
876 1978 1324 2030 Leid.2.1.ov.1.
1369 1979 1525 2030 Port.

462 2055 686 2105 Gaertn.
708 2061 764 2106 et
779 2054 920 2104 Har.
988 2055 1190 2118 Reliqui
1208 2054 1522 2120 Laviniaque,

461 2131 600 2197 quod
620 2146 738 2181 cnm
756 2131 1056 2182 Gronovio
1042 2146 1094 2182 ιιι
1105 2131 1391 2196 Laviniique
1411 2148 1523 2182 mu-

463 2210 564 2258 tari
589 2222 804 2259 necesse
840 2222 940 2258 non
965 2216 1063 2260 est.
1131 2209 1266 2259 Nam
1292 2208 1344 2260 ia
1364 2216 1524 2260 monte

460 2285 651 2336 Albano
673 2284 964 2349 Lavinioqtoe
987 2285 1140 2343 dixit,
1165 2299 1259 2348 pro
1281 2287 1332 2336 in
1365 2293 1522 2338 monte

457 2362 644 2411 Albano
665 2367 716 2413 et
733 2362 789 2411 in
807 2361 1030 2411 Lavinio.
1095 2361 1157 2410 In
1185 2363 1393 2411 Lavinio
1430 2378 1521 2412 au-

463 2445 590 2500 tem,
627 2444 686 2489 ut
736 2439 751 2468 ⁸
770 2438 823 2488 in
866 2436 1218 2489 Alexandria'
1264 2452 1399 2490 xul.
1434 2444 1520 2490 26.

459 2524 474 2549 ·
491 2517 571 2566 Ex
596 2514 743 2576 Asia,
766 2515 853 2581 qui
872 2515 1013 2564 circa
1032 2515 1200 2565 socios
1223 2529 1377 2579 reges
1400 2517 1518 2565 mis-

458 2593 502 2641 si
519 2596 689 2648 erant,
722 2591 882 2656 legati
908 2590 1200 2654 redierunt,
1221 2591 1312 2655 qni
1331 2606 1519 2641 renun-

460 2671 687 2732 ciarunt,
711 2669 996 2718 Eumenem
1017 2667 1070 2717 in
1094 2681 1179 2729 ea,
1200 2665 1518 2718 Antiochum

457 2747 511 2796 in
531 2745 695 2811 Syria,
734 2746 1073 2795 Ptolemaeum
1110 2744 1164 2793 in
1194 2742 1517 2794 Alexandria

457 2839 571 2875 seso
614 2822 992 2874 con'venisse:’
1025 2821 1115 2872 ubi
1152 2821 1342 2871 iterum
1376 2822 1514 2873 Gro-

457 2914 580 2951 nov.
631 2914 697 2950 ex
735 2899 1045 2963 conjectura
1084 2898 1312 2948 malebat
1348 2899 1513 2948 Ptole-

456 2993 629 3029 moeum
669 2977 1003 3028 Alexandr-ie.
1086 2974 1194 3025 Sed
1233 2974 1353 3024 vide
1393 2991 1515 3040 quae

456 3054 654 3104 ibidem
674 3053 883 3104 notabo.
952 3053 1022 3101 Et
1042 3051 1250 3117 quidem
1283 3053 1512 3103 Lavinio·

455 3144 545 3193 que
563 3131 674 3179 sive
697 3134 746 3179 et
765 3130 819 3179 ia
840 3128 1060 3185 Lavinio,
1095 3143 1191 3192 pro
1225 3134 1275 3178 et
1296 3129 1515 3186 Lauinii,

457 3205 722 3255 contrario
784 3205 1028 3267 exemplo
1088 3205 1301 3267 dictum,
1355 3214 1514 3269 atque

458 3282 598 3346 apud
635 3283 764 3332 Sall.
805 3282 1041 3333 obcurrit
1080 3284 1133 3331 in
1176 3283 1300 3347 Jug.
1339 3298 1388 3333 c.
1428 3289 1512 3334 33.

455 3368 470 3389 ‘
491 3359 758 3409 Producto
779 3359 1041 3422 Jugurtha
1058 3358 1217 3408 verba
1238 3359 1381 3416 fecit,
1405 3361 1512 3411 Ro·

456 3450 555 3485 moe
592 3436 960 3500 Numidiaeque
994 3433 1229 3485 facinora
1257 3437 1369 3500 ejus
1403 3453 1512 3487 me-

454 3520 624 3563 morat
641 3511 678 3563 :³
727 3528 821 3577 pro
867 3513 1038 3562 Romoe
1073 3517 1124 3562 et
1158 3514 1212 3562 in
1260 3514 1511 3565 Numidia.

454 3591 731 3640 Praeterea
757 3589 844 3639 illa
872 3604 1016 3640 saera
1042 3591 1259 3655 quoedam
1296 3590 1434 3643 flav·
1458 3599 1513 3642 et

453 3667 642 3732 fragm.
664 3666 802 3718 Hav.
825 3683 856 3717 a
880 3682 948 3716 m.
971 3682 1052 3731 pr.
1117 3668 1252 3719 Vide
1277 3668 1341 3718 ad
1360 3684 1406 3720 c.
1429 3674 1513 3719 45.

453 3747 555 3810 §1.
603 3745 704 3795 illis
737 3759 874 3795 sacra
909 3746 1127 3809 quoedoem
1164 3745 1314 3795 Harl.
1343 3750 1390 3795 1.
1427 3761 1510 3796 se-

455 3821 664 3886 quentis
690 3822 836 3871 vocis
856 3823 1013 3873 litera
1047 3822 1236 3872 initiali
1268 3823 1511 3872 sibilante

458 3899 592 3949 male
610 3899 837 3962 repetita
872 3899 924 3947 in
962 3898 1066 3948 fine
1105 3900 1245 3949 vocis
1281 3900 1513 3963 praeced.

453 3974 591 4024 Vide
617 3975 680 4023 ad
705 3987 915 4024 xxvm.
937 3980 1019 4025 25.
1040 3977 1067 4039 §
1088 3980 1138 4025 2.
1204 3977 1334 4025 Tum
1358 3978 1510 4027 tradi-

451 4051 861 4110 deruatsacienda
885 4050 1036 4101 Harl.
1058 4044 1108 4102 2.
1129 4052 1280 4102 Port.
1305 4059 1359 4103 et
1374 4054 1510 4103 Hav.

451 4128 629 4182 Sacra,
646 4140 761 4190 quae
783 4127 999 4176 Romani
1041 4127 1093 4176 in
1119 4136 1297 4180 monte
1321 4130 1511 4180 Latino

451 4201 698 4251 facienda
718 4218 750 4252 a
766 4202 1045 4266 majoribus
1063 4211 1395 4269 acceperunt,
1419 4220 1508 4255 no-

451 4284 509 4327 ta
545 4291 660 4328 esse
695 4285 841 4342 puto.
904 4279 1065 4328 Sacra
1097 4286 1267 4331 autem
1303 4282 1510 4332 Lavinii

452 4356 748 4421 peragenda
789 4357 909 4407 θεοῖς
945 4352 1194 4422 πατρῴοις,
1240 4356 1350 4410 sive
1392 4359 1510 4411 Diis

1164 376 1208 425 N
1221 374 1380 425 OTAE
1427 374 1768 425 VAmoRu
1781 374 1834 426 M
1881 375 1963 425 ΙΝ

1601 514 2064 582 Pannona-(vide
2080 514 2318 567 Maerob.
2338 515 2546 567 Satura.
2566 528 2661 570 ιιι.

1600 593 1678 659 4.)
1712 600 2062 646 memorantur
2081 594 2300 658 Dionys.
2337 591 2467 642 Ant.
2509 595 2655 646 Rom.

1601 685 1665 722 11.
1691 686 1744 736 p.
1765 661 1881 721 115.
1910 669 2079 721 Τάτιος
2094 668 2192 733 ἅμα
2208 668 2431 732 Ῥωμύλῳ
2449 687 2655 734 παραγε-

1602 745 1795 809 νόμενος
1815 747 1883 799 εἷς
1913 747 1974 798 τὸ
1989 747 2214 806 Λαβίνιον
2245 745 2383 798 ἕνεκα
2404 748 2578 805 θυσίας,
2598 745 2661 805 ἣν

1603 825 1698 878 ἔδει
1713 826 1817 876 τοῖς
1832 824 2067 891 πατρῷοις
2085 828 2206 876 θεοῖς
2227 824 2340 889 ὑπὲρ
2359 827 2448 883 τῆς
2478 824 2660 876 πόλεως

1601 904 1742 954 θῦσαι
1760 903 1871 955 τοὺς
1891 906 2128 961 βασιλεῖς.
2163 906 2178 932 ‘
2205 904 2471 955 Sollemne
2497 904 2658 951 sacri-

1600 979 1809 1031 ficinm'
1851 989 2006 1032 vocat
2048 980 2223 1031 Livius
2263 995 2302 1030 ι.
2343 983 2425 1028 13.
2479 979 2661 1028 Tatius

1596 1063 1617 1086 ‘
1639 1056 1860 1121 Lavinii,
1883 1071 2039 1122 quum
2073 1057 2138 1107 ad
2175 1057 2423 1107 sollemne
2458 1053 2657 1104 sacrifi·

1599 1134 1736 1183 cium
1760 1146 1823 1183 eo
1845 1134 2092 1192 venisset,
2124 1148 2378 1185 concursu
2402 1131 2550 1182 facto
2582 1132 2657 1181 in-

1599 1208 1890 1263 terficitur!
1952 1212 2089 1261 Vide
2121 1212 2279 1262 etiam
2304 1211 2580 1260 Plutarch.
2601 1210 2655 1260 in

1601 1286 1804 1337 Romul.
1823 1303 1876 1352 p.
1897 1292 1982 1339 32.
2051 1288 2152 1337 His
2183 1288 2460 1351 penatibus
2496 1288 2659 1349 impes

1599 1371 1800 1413 ratores
1840 1366 1891 1414 in
1916 1365 2230 1429 provinciam
2256 1364 2548 1428 profecturi
2572 1379 2656 1412 an·

1600 1448 1654 1489 te
1679 1441 2180 1505 sacrificasse‚docet
2192 1443 2404 1492 Servius
2423 1443 2490 1492 ad
2510 1441 2659 1504 Virg.

1599 1515 1713 1569 AEn.
1736 1531 1825 1567 111.
1847 1522 1929 1570 12.
1976 1518 2171 1568 Iisdem
2189 1520 2346 1568 etiam
2372 1526 2431 1567 ut
2453 1525 2512 1568 et
2531 1518 2659 1566 Ves-

1601 1599 1668 1641 tae
1689 1595 1944 1656 consules,
1958 1601 2230 1658 praetores,
2246 1610 2336 1644 seu
2352 1594 2659 1653 dictatores,

1598 1684 1754 1734 quum
1790 1672 1988 1723 adeunt
2031 1673 2414 1736 magistratum,
2454 1670 2663 1721 Lavini}

1600 1760 1706 1798 rem
1731 1748 1960 1799 divinam
1984 1747 2191 1815 fecisse,
2227 1758 2412 1800 auctor
2436 1756 2520 1798 est
2543 1749 2660 1797 Ma·
2684 1757 2691 1770 ¹

1600 1824 2090 1875 orob-Saturn.1u.
2109 1830 2161 1878 4.
2227 1824 2364 1874 Vide
2400 1824 2650 1876 Oudend.

1600 1901 1663 1952 ad
1690 1899 1885 1965 Obseq.
1903 1901 2204 1964 deProdig.
2227 1917 2276 1950 c.
2292 1905 2376 1954 83.

1662 1977 1746 2027 Aa
1767 1993 1830 2028 ex
1845 1979 2047 2029 hostium
2065 1978 2258 2029 urbibus
2273 1979 2476 2028 Romam
2495 1978 2559 2026 ad
2572 1991 2663 2028 noe

1598 2053 1853 2114 transferri
1893 2069 2033 2106 sucre
2067 2054 2340 2117 religiosum
2365 2053 2501 2117 fait]
2570 2053 2659 2103 Sic

1596 2130 1779 2194 scripti
1818 2137 1875 2180 et
1929 2130 2077 2181 editi.
2161 2131 2269 2181 Sed
2310 2130 2424 2180 biat
2466 2131 2658 2180 oratio.

1597 2207 1791 2269 Scribo,
1826 2208 1949 2264 Quoe
1978 2222 2042 2258 ex
2081 2208 2289 2258 hostium
2327 2206 2521 2256 urbibus
2558 2207 2658 2255 Ro-

1595 2296 1718 2331 mam
1738 2286 1803 2332 ad
1822 2297 1906 2336 nos
1925 2283 2097 2341 transf.
2135 2299 2272 2334 saera
2292 2283 2378 2332 rel.
2393 2282 2523 2345 suit,
2547 2282 2660 2331 hine

1592 2360 1693 2408 sine
1720 2360 1845 2423 piae.
1867 2361 2075 2411 hostium
2095 2360 2258 2409 urbem
2287 2359 2423 2410 Veios
2442 2359 2663 2420 tranen?

1593 2435 1648 2488 J.
1674 2435 1733 2484 F.
1755 2436 1920 2487 Gron.
1970 2436 2076 2489 Sed
2117 2437 2181 2486 de
2218 2436 2399 2499 sacris,
2433 2451 2551 2501 quae
2594 2449 2660 2489 ex

1595 2513 1821 2562 hostium
1871 2514 2085 2565 urbibus
2138 2515 2348 2565 Romam
2398 2514 2659 2565 translata

1592 2601 1696 2638 non
1718 2596 1887 2645 erant,
1912 2590 2158 2640 Camillus
2182 2605 2281 2639 non
2313 2597 2459 2640 recte
2481 2595 2660 2652 potest

1592 2664 1790 2723 dicere,
1823 2666 1954 2728 hinc,
1983 2667 2037 2718 id
2071 2676 2152 2719 est
2185 2681 2253 2717 ex
2293 2667 2425 2718 urbe
2467 2668 2655 2732 Roma,

1590 2741 1752 2795 Veios
1782 2758 1844 2793 ea
1874 2744 2263 2808 transferemus,
2285 2758 2445 2809 quum
2468 2743 2656 2793 Romae

1589 2833 1695 2870 nou
1751 2826 1943 2872 essent.
2011 2822 2145 2872 Mihi
2196 2836 2377 2871 seusus
2444 2822 2657 2873 videtur

1589 2909 1722 2958 esse,
1737 2911 1824 2959 an,
1845 2912 2002 2963 quum
2022 2898 2255 2962 religioni
2279 2897 2378 2947 sibi
2403 2897 2657 2948 duxerInt

1586 2974 1814 3037 majores
1859 2991 2013 3026 sacra
2051 2991 2116 3026 ex
2152 2975 2374 3026 bostium
2435 2974 2655 3025 urbibus

1588 3049 1805 3099 Romam
1829 3051 1893 3100 ad
1928 3066 2022 3102 nos
2058 3050 2364 3107 transferre.
2387 3066 2484 3101 nos
2506 3066 2657 3105 sacra

1587 3133 1763 3177 nostra
1786 3128 1915 3184 hiae,
1939 3130 2005 3178 ab
2029 3130 2159 3180 urbe
2194 3130 2374 3192 Roma,
2394 3129 2512 3179 sino
2546 3130 2655 3193 pias

1586 3203 1707 3253 culo
1743 3204 1796 3252 in
1838 3205 2063 3256 hostium
2089 3206 2268 3256 urbem
2292 3206 2453 3257 Veios
2488 3212 2657 3256 trans·

1584 3277 1848 3331 feremus?
1882 3283 2017 3333 Deae.
2069 3284 2264 3334 Omnes
2286 3282 2442 3333 codd.
2469 3283 2658 3347 scripti

1587 3366 1640 3407 et
1663 3359 1845 3409 excusi
1864 3361 2161 3424 conspirant
2184 3362 2233 3410 in
2260 3362 2525 3424 vulgatam
2551 3361 2656 3410 lec-

1590 3434 1815 3499 tionem,⁴
1848 3451 2003 3501 quam
2048 3438 2207 3488 etiam
2246 3438 2357 3487 sine
2405 3437 2657 3486 emenda-

1589 3510 1729 3561 tione
1756 3511 2007 3563 Gronovii
2029 3512 2169 3563 ferre
2191 3526 2418 3578 possum.
2468 3512 2654 3573 Immo,

1587 3587 1630 3636 si
1663 3585 1943 3651 diligenter
1975 3589 2319 3648 adtendimus,
2352 3589 2654 3641 emendatio

1587 3664 1679 3713 illa
1715 3665 1980 3715 adversari
2007 3666 2217 3716 videtur
2247 3666 2533 3717 sententiae
2568 3665 2655 3715 Li·

1586 3743 1677 3792 vii.
1741 3744 1862 3793 Non
1898 3745 2038 3794 enim
2067 3745 2217 3801 dicit,
2247 3757 2420 3806 sacra,
2439 3758 2560 3808 quae
2583 3756 2654 3797 ex

1585 3819 1800 3869 urbibus
1842 3821 2067 3870 hostium
2118 3821 2334 3871 Romam
2395 3821 2656 3871 translata

1587 3903 1728 3951 sunt,
1777 3897 1932 3946 Veios
1982 3898 2092 3947 sine
2133 3897 2342 3961 piaculo
2378 3895 2656 3947 transferri

1584 3987 1689 4022 non
1729 3989 1917 4038 posse3
1973 3973 2062 4023 sed
2121 3975 2296 4037 potius
2347 3981 2524 4037 rogat,
2569 3986 2653 4037 an,

1587 4063 1743 4114 quum
1767 4064 1915 4100 sacra
1937 4049 2107 4100 omnia
2126 4051 2340 4102 Romam
2368 4049 2655 4099 transferre

1584 4125 1694 4175 ausi
1718 4140 1823 4177 nou
1862 4128 1988 4188 sint,
2026 4136 2081 4177 et
2122 4125 2244 4175 ideo
2277 4125 2502 4189 pristino
2533 4126 2652 4177 loco

1584 4202 1672 4251 nbi
1720 4202 1843 4250 olim
1879 4204 2063 4265 peragi
2096 4200 2352 4260 solebant,
2397 4214 2651 4265 peragere

1585 4281 1932 4341 instituerint,
1970 4289 2203 4331 attamen
2251 4278 2503 4335 credant,
2556 4292 2650 4331 sua

1584 4373 1736 4411 sacra
1755 4360 1863 4409 sine
1883 4358 2089 4424 piaculo
2112 4371 2179 4408 ex
2205 4356 2333 4407 urbe
2360 4356 2524 4411 Roma
2548 4355 2647 4405 alio
