2934 4925
675 426 744 473 τ.
795 426 981 476 mvn
1035 425 1238 477 ms'r.
1286 424 1437 474 mu.
1487 428 1593 477 vt.
1636 428 1809 477 car.
1853 412 1964 478 11.

221 570 382 621 -Simili
424 569 725 632 metaphora
767 569 783 597 ‘
811 582 938 620 aura
979 568 1278 629 libertatis‚’

226 651 246 686 -‘
267 663 382 697 aura
400 646 540 711 spei’
575 646 713 710 apud
744 647 945 696 Livium
977 647 1277 697 obcurrunt.

232 726 384 788 Supra
413 728 607 773 lin-3⁷.
655 729 670 754 ‘
689 725 1143 787 circumspectare
1167 730 1277 774 tum

221 800 550 863 patriciorum
569 800 745 849 -vultus
767 800 975 862 plebeii,
999 806 1056 848 et
1078 799 1197 848 inde
1219 799 1278 848 li·

223 875 434 925 -bertatis
477 885 694 939 captare
747 874 962 926 auram.’
1013 889 1155 926 nu.
1193 879 1277 925 ⁸9.

234 954 247 981 ‘
270 954 482 1006 Perseus
516 956 571 1004 in
611 955 858 1005 interiora
897 956 1044 1020 regni
1079 955 1280 1018 recepit

230 1039 294 1088 se,
314 1033 413 1081 levi
435 1047 563 1082 aura
585 1034 695 1096 spei
729 1033 976 1098 objecta.'
1034 1035 1279 1084 Locutio-

233 1124 338 1159 nem
357 1115 528 1159 autem
549 1111 566 1137 ⁴
590 1108 719 1159 ferri
740 1124 888 1173 aura,
905 1125 1008 1160 non
1032 1109 1250 1161 consili'o
1267 1109 1281 1132 ’

233 1186 518 1241 inlustrant,
531 1201 650 1251 quoe
672 1192 917 1237 notantur
933 1185 1000 1236 ad
1019 1188 1132 1238 Silii
1154 1187 1279 1236 Ital.

233 1274 283 1311 x.
303 1265 413 1310 618.
451 1297 456 1304 .

222 1365 232 1373 -
291 1338 537 1401 Famoeque
568 1353 755 1400 mcguae
786 1339 942 1394 malle,
963 1352 1105 1401 quom
1126 1336 1279 1399 bona,

230 1413 340 1477 esse]
372 1415 535 1464 Famae
557 1429 746 1477 magne
766 1417 905 1464 molle
928 1417 1053 1464 Lov.
1076 1418 1126 1464 3.
1149 1419 1205 1461 et
1227 1416 1279 1461 4.

221 1490 445 1555 famaque
459 1494 603 1541 malle
626 1507 810 1554 mugnoe
826 1493 953 1543 Lov.
972 1496 1018 1540 1.
1039 1491 1279 1553 suvnoeqioe

231 1583 403 1630 ωας-πω
436 1571 602 1619 mallet
634 1570 773 1619 Flor.
804 1584 939 1618 ιω.
974 1582 1083 1618 sec.
1149 1568 1281 1616 Tum

234 1662 359 1710 quom
378 1648 490 1697 bene
503 1662 616 1696 *esse
640 1648 765 1696 Lov.
786 1651 838 1696 2.

292 1725 360 1786 §8
395 1725 573 1773 Etuon
589 1725 839 1773 contentus
852 1720 1062 1784 agrariis
1081 1721 1283 1783 legibus,

234 1812 327 1861 qnoe
342 1800 546 1848 materia
575 1812 758 1862 semper
780 1798 987 1848 tribunis
1018 1797 1142 1861 plebi
1158 1797 1283 1846 sedi·

221 1874 608 1935 ·tionamsuisset‚
629 1875 754 1925 idem
778 1875 933 1924 moliri
953 1873 1093 1937 coepit
1109 1888 1126 1921 .·
1157 1871 1283 1920 ucri·

236 1964 328 2008 ores
342 1952 505 2015 quippe
515 1952 637 2001 oeris
651 1952 798 2000 alieni
809 1952 1025 2000 stimulos
1045 1964 1163 2012 esse,
1181 1946 1285 2012 qui]

237 2025 384 2075 Colon
418 2027 719 2091 ponendum
749 2035 875 2091 puto
897 2033 1034 2091 'post
1071 2026 1284 2077 verbum

225 2102 450 2154 stimulos.
517 2104 655 2156 Qnae
697 2118 820 2154 vero
855 2104 1045 2154 deiude
1067 2116 1286 2167 sequun-

223 2182 328 2233 tur,
352 2179 507 2228 verba
536 2189 660 2229 sunt
683 2180 869 2229 Manlii
892 2181 1145 2231 seditiose
1168 2193 1289 2229 con-

237 2253 485 2318 querentis
520 2257 590 2305 de
629 2256 895 2320 Patribus,
931 2257 1290 2320 moventisque

237 2333 424 2380 senatui
463 2331 731 2382 invidiam.
767 2334 912 2383 Glar.
977 2332 1153 2396 Hujus
1188 2331 1290 2381 loci

238 2407 598 2459 obscuritatem
612 2423 728 2459 cum
744 2411 966 2459 sentiret
979 2410 1290 2465 Glareanus,

237 2484 302 2533 ita
320 2487 469 2535 de'eo
489 2485 739 2537 tradidit:
776 2493 790 2515 ⁴
808 2487 974 2537 Colon
997 2485 1292 2550 ponendum

225 2560 388 2624 ·puto‚'
409 2565 527 2613 -&c.
596 2562 713 2614 Qua
757 2564 833 2612 i'n-
873 2578 929 2612 re
979 2562 1290 2612 laudandum

240 2638 473 2686 Glareani
516 2638 805 2700 ingenium,
841 2638 980 2702 quod
1018 2637 1292 2689 difficulta-

227 2717 336 2761 ·tem
381 2718 577 2778 sensit3
624 2717 961 2773 irridendum,
1002 2717 1141 2782 quod
1177 2731 1293 2781 por-

227 2793 375 2839 ·tenta
394 2791 545 2848 dixit,
573 2806 763 2857 neque,
787 2809 904 2858 quoe
927 2793 1088 2843 verba
1111 2794 1292 2843 vitium

237 2865 577 2926 continerent,
613 2869 893 2920 intellexit.
945 2871 986 2934 [⁸
1008 2871 1296 2920 Glareanus

240 2953 331 2990 non
355 2944 427 2993 ait
452 2954 735 3008 portentu
767 2960 927 3012 quare
954 2960 1019 2996 ea
1052 2946 1127 2995 illi
1151 2945 1295 2996 affin·

240 3018 395 3078 gen-da
416 3036 517 3071 uon
544 3021 761 3085 erant.']
794 3024 995 3073 Vitiose
1013 3030 1186 3072 autem
1208 3023 1296 3072 ha-

225 3093 357 3147 ·bent
373 3097 463 3148 illa
481 3099 611 3149 idem
634 3100 809 3150 moliri.
852 3100 1040 3164 Neque
1061 3100 1199 3149 enim
1221 3100 1298 3148 iu·

242 3172 397 3236 telligi
423 3182 617 3238 potest,
643 3177 764 3239 quid
794 3177 919 3226 velit
954 3176 1151 3240 Livius,
1180 3189 1296 3225 cnm

224 3245 328 3308 -ait,
358 3253 373 3275 ⁸
393 3251 510 3299 Non
545 3258 827 3301 contentus
853 3252 1068 3315 agrariis
1101 3251 1298 3313 legibus

241 3321 599 3376 idem'moliri
656 3328 850 3392 coepit.’
914 3330 1106 3393 Neque
1161 3322 1298 3378 enim

227 3397 476 3467 ·Manlius‚
498 3405 566 3453 de
591 3419 696 3469 quo
719 3419 855 3455 nunc
888 3405 1137 3470 loquitur,
1157 3405 1297 3467 agris

227 3475 530 3541 ·dandis‚·ut
568 3482 664 3546 Sp.
708 3483 934 3538 Cassius.
978 3497 1151 3548 neque
1192 3480 1297 3531 fru-

245 3560 431 3616 mento,
470 3564 533 3606 ut
572 3558 668 3621 Sp.
692 3558 920 3621 Maelius,
943 3559 1037 3608 scd
1075 3560 1299 3623 pecnnia

246 3629 599 3697 condonanda,
638 3639 699 3682 ut
728 3648 880 3684 nemo
917 3642 1061 3694 ante,
1096 3633 1298 3697 plebem

249 3704 307 3753 ad
348 3721 403 3756 se
444 3708 735 3759 alliciebat.
800 3711 932 3760 Cum
971 3718 1144 3761 antem
1193 3706 1303 3769 eos,

248 3782 328 3845 qui
350 3794 417 3834 aes
433 3786 660 3834 alienum
680 3785 937 3849 fecerant,
957 3789 1076 3852 quia
1098 3788 1301 3836 solven-

249 3857 311 3906 do
344 3874 442 3910 non
479 3868 674 3920 essent,
718 3864 960 3915 addictos
998 3864 1119 3913 duci
1160 3876 1301 3925 aegre

235 3941 526 4005 ‹putei-etur,
549 3949 725 4005 atque,
746 3942 797 3990 id
826 3955 892 3991 ne
924 3941 1095 3999 fieret,
1129 3957 1223 3992 sua
1244 3952 1301 3990 se

250 4020 462 4076 pecunia
485 4020 860 4080 prohibiturum
890 4035 1006 4070 esse
1028 4020 1301 4085 profitere·

250 4094 343 4145 tur,
379 4103 662 4158 propterea
696 4105 845 4147 recte
880 4097 984 4148 dici
1009 4105 1186 4162 potest
1208 4103 1224 4127 ⁴
1244 4097 1302 4146 fi-

253 4168 360 4218 dem
377 4174 551 4243 *moliri
573 4174 829 4238 coepisse!
892 4175 980 4224 Ita
1001 4184 1060 4226 ut
1080 4177 1303 4237 legatur,

237 4252 348 4291 -non'
364 4247 487 4297 idem
506 4252 954 4316 moliri‚'sedfidem
970 4253 1129 4301 moliri
1147 4251 1304 4314 coepit.

258 4316 347 4370 Est
366 4327 540 4373 autem
561 4326 751 4379 ‘fidem
774 4327 976 4379 moliri'
1008 4327 1306 4392 prohibere,
1378 4326 1697 4390 provinciam
1739 4321 1961 4389 imperii.
1982 4320 2061 4371 tui
2103 4316 2350 4383 pecunias
2386 4315 2437 4365 ei
2528 4356 2531 4359 ,

2234 415 2411 481 7909

1352 584 1436 634 ne,
1457 570 1546 635 qui
1577 555 1793 634 debent,
1815 587 1897 635 ea,
1934 582 2049 637 quae
2071 571 2288 630 debent,
2312 576 2412 624 sol·

1352 654 1495 697 rant.
1558 648 1647 698 Sic
1672 656 1846 698 autem
1872 650 2081 712 accepit
2098 655 2114 679 ⁴
2133 648 2291 701 tidem
2309 649 2324 672 ’
2347 665 2412 700 u.

1350 725 1433 773 80.
1487 724 1677 774 ‘Haud
1724 725 1983 775 salubrem
2019 727 2205 790 utique
2245 727 2415 778 Lartii

1349 800 1661 849 sententiam
1693 800 1966 864 putabant,
1997 817 2113 867 quae
2135 801 2293 853 fidem
2317 805 2414 853 tol·

1351 874 1525 926 leret.’
1590 877 1662 926 Et
1691 877 1877 927 Cicero
1899 892 1995 941 pro
2026 879 2168 941 Lege
2192 880 2416 929 Manilia

1352 965 1399 1001 c.
1421 957 1473 1002 ⁷.
1513 959 1527 981 ⁴
1546 953 1746 1002 Scimus
1770 954 1947 1003 Romae
1970 954 2227 1004 solutione
2252 956 2414 1020 impe·-

1353 1028 1462 1076 dita
1488 1028 1643 1078 fidem
1667 1029 1993 1079 concidisse.’
2027 1031 2093 1079 Et
2111 1032 2281 1094 paullo
2298 1035 2416 1096 pos't

1352 1105 1539 1155 eodem
1562 1120 1681 1170 cap.
1727 1107 1897 1156 ‘Haec
1936 1106 2067 1156 tides
2102 1114 2263 1171 atque
2301 1109 2413 1158 hec

1354 1182 1490 1231 ratio
1528 1185 1886 1247 pecuniarum,
1914 1197 2031 1246 quae
2067 1183 2265 1239 Romae,
2295 1197 2412 1248 qnae

1351 1260 1407 1309 in
1441 1258 1557 1309 foro
1593 1273 1851 1324 versatur,
1888 1261 2144 1324 implicita
2179 1269 2262 1311 est
2297 1276 2414 1311 cum

1352 1337 1451 1386 illis
1475 1338 1708 1401 pecuniis
1724 1336 1971 1396 Asiaticis
1991 1352 2005 1385 ε
2032 1351 2182 1386 ruere
2203 1338 2292 1386 illa
2312 1351 2415 1387 non

1353 1418 1587 1477 possunt,
1619 1420 1677 1463 ut
1708 1415 1825 1463 haec
1860 1428 1959 1463 non
1980 1413 2163 1463 eodem
2188 1414 2415 1464 labefac-

1354 1496 1469 1538 tata
1524 1496 1667 1538 motu
1725 1485 2037 1539 concidant.'
2124 1491 2193 1539 Et
2238 1492 2420 1541 Caesar

1353 1566 1490 1615 Bell.
1516 1557 1682 1616 civil.
1719 1579 1808 1618 ln.
1843 1571 1893 1619 1.
1941 1571 1956 1596 ‘
1977 1566 2107 1615 Cum
2134 1566 2265 1616 fides
2305 1573 2419 1617 tota

1356 1642 1517 1692 Italia
1539 1652 1681 1693 esset
1700 1643 1991 1707 angustior,
2011 1658 2177 1708 neque
2200 1645 2419 1694 creditu

1357 1720 1591 1783 pecunie
1613 1719 1977 1769 solverentur!
2036 1719 2106 1770 Et
2132 1720 2306 1769 Livius
2319 1720 2418 1770 hot:

1356 1795 1668 1845 libro-haud
1704 1798 1780 1846 ita
1812 1797 1977 1846 multo
2016 1804 2136 1860 post
2171 1810 2289 1860 cap.
2340 1802 2418 1846 15.

1358 1872 1376 1901 ‘
1392 1875 1549 1936 Spem
1574 1872 1768 1922 factam
1791 1887 1821 1921 a
1840 1879 1893 1923 te
1910 1872 2133 1937 civitati,
2153 1871 2256 1922 tide
2280 1873 2420 1922 inec-

1357 1951 1485 2000 iumi
1508 1965 1574 2000 ex
1607 1951 1862 2000 thesauris
1898 1950 2140 2012 Gallicis,
2171 1965 2298 2015 quos
2319 1952 2422 2015 pris

1360 2042 1528 2078 mores
1572 2029 1787 2078 Patrum
1829 2028 2118 2088 occultent,
2164 2028 2420 2076 creditum

1361 2103 1494 2155 solvi
1518 2109 1701 2168 posse:
1761 2104 1851 2153 Sic
1870 2115 1951 2152 rx.
1971 2106 2022 2152 8.
2056 2104 2073 2131 ‘
2092 2102 2305 2152 Montes
2327 2113 2424 2152 sua

1361 2181 1490 2229 sede.
1521 2179 1728 2240 moliri‚’
1773 2193 1869 2243 pro
1910 2178 2144 2229 demota-i.
2208 2179 2280 2228 Et
2318 2179 2422 2228 aliu

1356 2260 1499 2319 loco,
1522 2265 1539 2287 ⁸
1558 2257 1718 2307 Fores
1747 2254 1950 2305 molit-U
1982 2255 2153 2316 Sigon.
2189 2254 2424 2304 Fa’e’rnus

1363 2339 1629 2397 postrema
1663 2331 1825 2381 verba
1864 2345 1930 2381 ex
1953 2332 2019 2380 V.
2044 2330 2105 2379 C.
2146 2330 2424 2380 sic-ernen—

1349 2409 1737 2477 .dabat:fldem
1777 2407 2176 2471 demde-tempu
2204 2423 2221 2457 .·
2270 2408 2422 2456 umo-

1359 2503 1439 2539 ηε
1456 2490 1643 2552 quippe,
1664 2491 1747 2553 qe.
1818 2487 1953 2537 Nam
1981 2485 2197 2549 primam
2221 2484 2424 2534 literam

1366 2565 1514 2615 verbi
1534 2565 1690 2631 fidens
1721 2578 1878 2630 quum
1913 2562 2153 2612 librarius
2193 2566 2428 2624 putasset

1365 2642 1627 2705 digamma
1659 2656 1773 2692 esse
1816 2640 2087 2695 AEolicum‚
2131 2638 2323 2700 omisit,
2368 2644 2428 2687 ut

1367 2721 1578 2771 videtur
1599 2736 1616 2782 ς
1649 2727 1705 2771 et
1737 2720 1869 2770 fecit
1888 2720 2033 2782 idem,
2055 2724 2130 2776 et,
2153 2731 2250 2781 pro
2270 2720 2426 2766 denn-

1366 2799 1470 2856 liri,
1491 2798 1699 2860 scripsit
1716 2797 1893 2853 moliri,
1914 2797 2099 2844 omissa
2128 2795 2296 2860 prima
2316 2806 2427 2844 ver·

1370 2874 1423 2924 bi
1470 2874 1669 2938 syllaba
1714 2874 1782 2925 ob
1818 2874 2036 2923 similem
2083 2870 2427 2935 praecedentis

1355 2951 1689 3016 -vocisfidm.
1720 2950 1898 3000 Ursi'n.
1945 2949 2050 2998 Ms.
2081 2950 2206 2998 idem
2241 2948 2429 3011 reg-im

1353 3029 1493 3079 ‘mori
1512 3027 1668 3092 coeplt,
1691 3025 2134 3088 etad-marginem
2156 3023 2298 3086 regvi'.
2330 3025 2431 3074 Le-

1371 3120 1437 3170 go
1457 3105 1613 3168 fidem
1631 3119 1759 3154 reum
1779 3104 1941 3153 moliri
1958 3104 2130 3166 carpit.-
2164 3103 2266 3156 vel,
2276 3102 2430 3166 fidon

1370 3182 1546 3231 crediti
1568 3181 1746 3230 -motiri
1774 3180 1938 3242 coepit.
2002 3176 2147 3228 Infra
2187 3192 2305 3242 cap.
2330 3182 2430 3226 27..

1374 3264 1389 3286 ‘
1413 3258 1585 3310 Quum
1609 3256 1676 3305 ab
1697 3256 1762 3305 iis
1789 3257 2100 3314 elevaretur,
2120 3254 2304 3319 quibus
2326 3252 2430 3301 fide

1372 3334 1557 3396 magis,
1580 3346 1732 3396 quarn
1754 3330 1986 3392 fortuna,
2020 3329 2321 3379 debentium
2342 3328 2433 3376 la-

1373 3411 1560 3461 borare
1582 3409 1840 3459 creditum
1875 3408 2038 3457 videri
2059 3403 2433 3470 expediebat&

1374 3493 1432 3537 et
1452 3501 1500 3536 c.
1522 3490 1605 3535 84.
1641 3491 1656 3514 ‘
1677 3486 1837 3535 Fama
1858 3490 1927 3533 .et
1963 3496 2180 3545 corpore
2204 3481 2434 3544 judicati

1374 3572 1533 3625 atque
1555 3560 1751 3610 addicti
1778 3558 2123 3609 creditoribus
2138 3555 2432 3606 satisfacio.

1375 3638 1524 3699 bant,
1562 3651 1820 3701 poenaque
1843 3635 1898 3683 in
1928 3635 2095 3683 vicem
2118 3632 2241 3682 fidei
2264 3644 2435 3681 cesse}-

1375 3721 1458 3763 rat
1475 3730 1491 3763 ι
1509 3712 1526 3735 ’
1558 3720 1612 3761 et
1631 3724 1801 3761 xxm.
1818 3714 1901 3761 48.
1955 3710 1972 3738 ‘
1992 3709 2180 3772 Itaque
2202 3708 2300 3757 nisi
2327 3707 2432 3757 fide

1372 3794 1542 3841 staret
1582 3788 1892 3853 respublica,
1923 3785 2113 3848 opibus
2145 3797 2249 3833 non
2269 3790 2434 3834 statn-

1374 3866 1521 3918 ram.’
1587 3866 1698 3914 Cic.
1721 3862 1786 3912 ad
1804 3862 1922 3912 Att.
1941 3864 1975 3911 l.
1998 3875 2081 3910 xr.
2105 3875 2190 3923 ep.
2206 3864 2254 3909 l.
2288 3867 2304 3890 ⁸
2322 3859 2436 3909 Hu-

1365 3945 1453 4008 jus
1474 3943 1714 4006 pecuuiae
1731 3939 2110 4004 permutatione
2138 3936 2293 3986 tidem
2321 3948 2438 3986 nos·-

1377 4027 1512 4070 tram
1538 4017 1690 4067 facile
1725 4013 1982 4066 tuebere?
2031 4013 2199 4077 Epist.
2221 4017 2272 4064 2.
2333 4013 2439 4071 ‘su

1374 4109 1436 4145 ut
1456 4096 1658 4157 scribis,
1679 4093 1780 4144 ista
1813 4092 2089 4142 haereditas
2110 4090 2269 4141 fidem
2292 4098 2346 4140 et
2365 4092 2439 4139 fm-

1376 4187 1512 4222 mam
1535 4186 1702 4221 meam
1726 4167 2098 4233 tueri-potest?
2147 4166 2230 4217 Ad
2256 4166 2440 4223 Famis.

1379 4262 1417 4298 1.
1440 4252 1492 4298 7.
1557 4251 1574 4278 ‘
1589 4248 1645 4298 Si
1684 4261 1778 4296 rex
1823 4243 2001 4295 amicis
2028 4244 2166 4307 ¹tuin,
2208 4242 2318 4305 qui,
2341 4252 2438 4302 per
