2934 4925
734 368 802 416 'r-
848 367 1037 419 mvn
1086 365 1287 417 mer.
1332 351 1485 417 affl:
1533 370 1593 420 v.
1641 368 1806 421 oar.
1849 354 1955 421 26.

252 507 595 575 intelligatur,
609 511 1003 563 tacenteLivio.
1031 509 1314 562 Commoda

251 587 384 636 enim
440 587 603 637 etiam
666 587 1037 651 Maluginensis
1092 586 1313 651 intelligi

247 669 454 728 potest;
475 678 596 726 qnae
619 664 976 714 Corneliorum
999 663 1194 713 familia
1215 664 1314 714 hoc

247 748 489 803 tempore
510 737 712 802 floruit,
734 747 787 789 et
816 741 977 791 Publii
999 741 1315 806 prenomine

246 831 335 866 usa
350 822 456 865 est.
525 817 685 866 Certe
710 817 754 866 is
773 817 993 866 triennio
1012 825 1132 867 ante
1151 817 1314 868 tribu·

246 908 339 943 nus
364 899 690 943 memoratur
721 909 770 943 c.
808 899 888 944 16.
921 893 1154 958 adeoque
1177 908 1313 944 nnnc

246 969 520 1020 commode
540 970 729 1019 iterum
745 985 857 1018 eam
876 969 1185 1033 dignitatem
1206 969 1313 1019 adi-

243 1049 373 1113 pisci
401 1047 598 1110 potnit.
661 1047 831 1097 Video
852 1047 1115 1112 equidem,
1138 1046 1315 1110 Pighi-

245 1141 326 1176 um
349 1127 403 1174 in
430 1125 626 1175 Annal.
644 1125 796 1190 hujus
821 1126 941 1175 anni
967 1125 1229 1175 tribunum
1255 1125 1316 1174 P.

247 1200 529 1250 Cornelium
558 1199 830 1262 Scipionem
869 1215 1081 1250 vocasse
1113 1215 1166 1262 p.
1198 1203 1314 1249 220.

243 1277 491 1328 Cornelio
535 1284 708 1327 autem
764 1277 1110 1340 Maluginensi
1160 1276 1315 1327 modo

241 1359 540 1402 memorato
575 1352 753 1401 iterati
786 1352 991 1401 honoris
1024 1357 1197 1401 notam
1225 1351 1313 1401 ad·

241 1427 439 1478 didisse
480 1442 535 1489 p.
567 1432 685 1478 216.
751 1428 950 1478 Verum
988 1428 1117 1477 nibil
1154 1428 1315 1477 babet

241 1503 696 1566 quo.alterutrum
730 1502 951 1566 probare
986 1503 1169 1566 possit.
1238 1504 1313 1552 U·

240 1585 490 1644 trumque
522 1584 723 1627 tantum
752 1578 1073 1640 conjectura
1108 1579 1311 1628 nititur.

237 1652 432 1701 Paullo
456 1659 585 1703 ante
617 1653 847 1703 Claudius
868 1653 1098 1702 AEmilius
1119 1653 1313 1704 babent

239 1730 365 1781 edd.
402 1731 692 1794 principes,
730 1746 826 1794 pro
857 1745 962 1796 quo
985 1730 1170 1793 Aldus,
1192 1747 1312 1782 con·

237 1807 590 1858 sentientibus
613 1823 768 1858 manu
803 1809 1032 1858 exaratis
1064 1809 1228 1870 libris,
1253 1810 1312 1858 C.

228 1883 472 1935 AEnuilias
505 1886 761 1948 reposuit.
827 1886 982 1949 Saepe
1013 1885 1213 1935 librarii
1237 1886 1312 1934 in·

237 1957 402 2008 docto
421 1973 602 2010 errore
622 1962 880 2023 ‘Claudium
916 1976 1011 2025 pro
1037 1962 1203 2026 Caius,
1224 1962 1311 2011 de-

236 2033 454 2084 derunt.
508 2033 597 2083 Ita
622 2049 700 2085 tv.
720 2041 803 2085 21.
823 2038 851 2100 §
873 2041 923 2086 6.
941 2037 1040 2087 hoc
1061 2037 1213 2088 lib.c.
1228 2034 1312 2083 28:

236 2109 356 2172 §60
391 2110 672 2172 c.82.§2.
717 2110 985 2173 v1.2.§6.
1028 2108 1310 2170 c.27.§4.

235 2197 344 2235 vu.
361 2189 448 2235 27.
469 2187 499 2248 §
522 2189 572 2234 3.
597 2184 812 2248 aliisque
835 2185 982 2237 locis.

299 2265 333 2325 ξ
358 2268 389 2312 8
430 2262 633 2312 Tribuni
680 2263 830 2324 plebis
876 2263 999 2312 nibil
1020 2261 1309 2327 .mocermsi]

223 2337 454 2387 >Tribuni
499 2353 585 2406 nos
623 2338 745 2388 mil’.
777 2339 926 2388 nichil
962 2354 1085 2390 mou.
1125 2337 1311 2402 fragm.

237 2413 385 2463 Har.
418 2429 451 2464 a
477 2429 546 2463 m.
574 2429 653 2479 pr.
712 2415 841 2465 Mox
875 2416 931 2466 in
963 2415 1177 2468 Faliscos
1205 2427 1310 2464 non

237 2498 317 2542 est
365 2492 422 2541 in
467 2494 621 2543 Port.
684 2494 828 2543 Hinc
875 2500 981 2548 emt
1019 2494 1308 2551 mettun.

239 2567 584 2629 transpositis
608 2568 840 2631 vocibus,
858 2570 987 2633 legit
1004 2569 1157 2618 Harl.
1177 2573 1227 2618 2.

303 2644 466 2699 Quem
502 2646 848 2695 ademtam
901 2647 1107 2695 muxivne
1161 2650 1315 2695 metu-

234 2718 404 2781 erant]
441 2718 587 2774 Quod
605 2723 791 2772 advers.
813 2722 950 2770 Har.
996 2723 1113 2771 Vox
1138 2730 1314 2771 autem

234 2794 767 2849 aduersariumdeficit
784 2797 836 2845 iu
852 2797 1001 2847 Harl.
1018 2801 1069 2847 2.
1089 2805 1143 2846 et
1163 2798 1313 2847 Port.

236 2867 311 2919 At
356 2885 518 2933 supra
564 2871 632 2920 de
677 2872 896 2923 Camillo
938 2880 1019 2923 est
1055 2872 1151 2922 boc
1192 2888 1311 2936 cap.

235 2948 251 2971 ⁴
291 2946 591 3007 largitioni
633 2949 929 2999 tribuniciae
982 2949 1313 2999 adversarius

235 3022 618 3086 quaerebatur)
684 3024 814 3074 Tum
829 3069 838 3079 ,
853 3026 1124 3075 metuebant
1158 3025 1313 3074 Voss.

236 3104 486 3163 uterque,
533 3098 682 3147 Leid.
721 3108 962 3166 uterque,
997 3101 1130 3154 Lor.
1158 3100 1314 3165 quin-

238 3185 358 3236 que,
404 3172 559 3223 Harl.
605 3182 846 3240 uterque.
890 3176 1042 3228 Port.
1067 3175 1317 3231 ‚Gaea-tn.

240 3247 383 3297 Hav-
403 3248 598 3312 fragm.
634 3249 777 3300 Hav.
814 3258 871 3299 et
893 3250 1116 3306 Hearnii
1138 3250 1314 3302 Oxon.

240 3324 311 3374 N.
337 3332 393 3374 et
424 3325 489 3374 C.
553 3326 797 3375 Alterum
827 3326 882 3375 in
918 3327 1058 3375 nullo
1095 3326 1314 3389 scripto,

238 3400 332 3450 sed
354 3409 548 3451 contra
570 3402 625 3451 in
659 3401 893 3453 omnibus
925 3401 1154 3465 excusis,
1171 3401 1314 3454 obvi·

238 3491 323 3526 'm
349 3476 479 3528 fnit·

306 3556 336 3617 ᾗ
358 3557 390 3603 4
425 3554 530 3603 Sed
545 3555 690 3603 timor
709 3557 896 3617 long-im
913 3555 1139 3618 progredi
1151 3555 1317 3619 prohi-

241 3629 358 3679 buit.
390 3631 541 3680 Mille
561 3631 696 3695 fere]
731 3633 852 3682 Vet.
875 3631 966 3683 lib.
1001 3630 1116 3694 Sed,
1145 3630 1317 3681 timore

243 3705 432 3768 long-ius
484 3721 630 3769 prog.
671 3707 968 3771 prohibente,
1021 3707 1153 3756 mille
1202 3707 1317 3766 fere

238 3795 477 3843 passuum,
501 3786 586 3845 asc.
620 3785 796 3847 Sigon.
860 3785 985 3835 Vet.
1007 3784 1098 3834 lib.
1117 3785 1317 3848 Sigouii

245 3873 310 3906 ex
334 3860 461 3916 meis
483 3860 772 3909 concinunt
794 3862 925 3911 Lov.
944 3865 996 3911 4.
1015 3866 1067 3911 5.
1090 3860 1241 3911 Harl.
1263 3866 1314 3912 2.

243 3932 392 3984 Port.
431 3936 660 3985 Gaertn.
711 3937 849 3986 Hav.
910 3944 966 3986 et
1008 3952 1042 3985 a
1089 3951 1159 3987 m.
1202 3951 1312 3990 sec.

245 4008 431 4073 fragm.
451 4010 593 4060 Hav.
608 4012 784 4060 exiliis
800 4027 941 4075 vero,
959 4027 1087 4078 quos
1097 4013 1317 4063 Hearne

248 4084 441 4135 Oxonii
468 4087 751 4152 consuluit,
780 4089 897 4138 cod.
937 4089 997 4139 C.
1051 4090 1152 4140 Sed
1172 4090 1316 4139 timor

248 4162 433 4225 longius
463 4164 690 4227 progredi
726 4164 953 4227 prohibet,
973 4165 1152 4217 obfert
1181 4166 1314 4218 Lov.

250 4244 299 4289 2.
367 4241 563 4293 Omnes
588 4241 697 4314 alii,
722 4250 775 4292 et
808 4243 947 4294 inter
971 4258 1061 4295 eos
1084 4243 1313 4307 integer·

2274 358 2449 425 ‘7655

1389 510 1504 563 rimi
1529 511 1691 564 codd.
1726 520 1872 565 stant
1894 529 1990 579 pro
2028 515 2270 580 vulgat03
2308 515 2447 581 quod

1387 590 1544 638 etiam
1570 591 1740 640 verius
1765 600 1910 655 puto.
1957 593 2097 643 Alibi
2119 595 2253 643 enim
2278 595 2446 642 oratio

1388 666 1442 715 iu
1477 680 1641 729 parva
1673 669 1903 729 membra
1934 669 2181 720 intercisa
2215 670 2364 720 Livio
2391 670 2446 719 in

1388 741 1567 804 primis
1609 744 1825 806 placuit.
1894 745 1982 795 Ita
2026 759 2145 795 κει.
2185 751 2269 796 86.
2314 751 2329 774 ‘
2355 746 2448 796 Di·

1386 830 1594 878 gressus
1616 819 1805 868 deinde
1829 821 1942 884 ipse
1972 821 2037 871 ad
2075 824 2246 872 locum
2281 823 2447 872 risen·

1387 891 1548 943 dumx
1584 893 1725 944 baud
1748 896 1903 946 dubia
1926 912 2010 945 res
2032 897 2178 953 visa,'
2218 901 2321 948 διο.
2357 898 2448 948 nbi

1387 967 1618 1018 Gronov.
1658 972 1833 1021 invitis
1878 973 2023 1024 libris
2068 975 2311 1038 conjicit,
2350 975 2448 1025 Di·

1381 1059 1547 1114 grgsso
1582 1048 1751 1097 deinde
1785 1049 1898 1112 ipsi,
1934 1052 2014 1111 ᾀο.
2042 1051 2168 1099 haud
2200 1050 2346 1100 dubia
2371 1064 2448 1100 res

1383 1124 1507 1172 visin
1571 1125 1675 1173 Sed
1709 1125 1837 1176 nibil
1864 1128 2168 1177 mutandum
2193 1141 2309 1178 esse
2340 1142 2449 1178 mo·

1386 1201 1545 1262 nebo,
1581 1208 1636 1249 et
1664 1201 1966 1266 quibusdam
1988 1205 2243 1266 exemplis
2266 1206 2446 1269 vulga-

1387 1284 1496 1326 tum
1538 1279 1673 1327 tueri
1712 1279 1959 1331 conabor.
2023 1279 2211 1329 Paullo
2240 1288 2363 1330 ante
2396 1295 2449 1331 ss

1384 1352 1543 1403 hostes
1581 1355 1811 1404 moeuibus
1858 1361 2079 1407 tenerent
2126 1357 2225 1405 alio
2266 1356 2452 1406 ordine

1370 1427 1515 1477 Low
1537 1432 1588 1478 4.
1614 1428 1703 1478 ubi
1726 1444 2013 1493 pronomen
2046 1447 2098 1482 se
2118 1432 2293 1482 omisit
2326 1432 2452 1481 Lov.

1385 1507 1434 1552 3.
1502 1505 1771 1555 Praeterea
1807 1508 2027 1556 villarum
2057 1508 2306 1570 incendiis,
2345 1514 2447 1558 tra·

1373 1579 1537 1643 jectis
1579 1581 1915 1642 dictionibus,
1948 1584 2103 1635 Harl.
2134 1589 2185 1635 2.
2220 1584 2370 1636 Port.
2394 1600 2423 1635 e

1383 1655 1525 1706 an.
2415 1680 2422 1704 :

1450 1731 1480 1794 ς
1518 1736 1548 1780 5
1583 1731 1868 1792 Mille-sere
1908 1749 2137 1796 passuum
2178 1735 2240 1785 ab
2277 1735 2449 1797 oppido

1380 1810 1541 1855 eastra
1575 1806 1756 1869 locunt]
1790 1809 1933 1859 Mille
1953 1810 2066 1870 fere
2094 1826 2283 1873 passum
2305 1811 2448 1860 Flor.

1384 1881 1533 1931 Leid.
1553 1887 1599 1931 1.
1634 1891 1689 1933 et
1712 1884 1991 1934 Klockian.
2010 1886 2270 1951 quomodo
2306 1884 2446 1935 forte

1384 1957 1586 2007 librarii
1608 1972 1701 2022 per
1723 1961 1893 2010 crasin
1917 1975 2011 2024 pro
2040 1976 2262 2024 passuum
2287 1960 2450 2011 dede·

1384 2042 1523 2082 runt.
1588 2036 1717 2085 Eam
1757 2036 1897 2089 enim
1941 2038 2351 2089 contractionem
2392 2037 2446 2087 in

1383 2109 1620 2170 genitivo
1655 2111 1865 2174 -plurali
1923 2115 2187 2165 nominum
2241 2121 2446 2179 quartae

1383 2185 1748 2239 declinationis
1788 2187 2007 2251 probare
2047 2189 2254 2237 videtur
2287 2189 2448 2239 Voss·
2541 2220 2556 2235 .

1368 2264 1464 2317 ,ius
1490 2265 1724 2319 Gramm.
1749 2280 1829 2315 ιν.
1854 2271 1936 2316 18.
1989 2266 2124 2314 Vide
2144 2266 2301 2315 etiam
2326 2265 2450 2317 Pie-

1373 2341 1518 2395 .rium
1557 2343 1621 2391 ad
1656 2343 1843 2405 Virgil.
1864 2341 2067 2393 AEneid.
2098 2356 2177 2390 vt.
2210 2344 2328 2390 653.
2392 2340 2450 2393 Si

1384 2425 1559 2471 autem
1603 2419 1927 2470 admittenda
1982 2425 2080 2476 est,
2121 2419 2291 2482 potius
2335 2432 2468 2470 eam.

1387 2493 1577 2558 poetis,
1627 2496 1715 2559 qui
1769 2494 1995 2546 numeris
2052 2497 2159 2543 su-is
2185 2493 2447 2546 -adstrieti

1387 2579 1558 2633 erant,
1580 2586 1732 2635 qutun
1749 2571 1996 2620 orationis
2010 2570 2258 2634 prosaicae
2282 2569 2449 2631 scrip-

1391 2645 1590 2699 toribus
1624 2647 1902 2696 convenire
1932 2646 2134 2709 judico.
2201 2645 2449 2700 Ceterum

1388 2722 1475 2770 alii
1499 2722 1715 2785 librarii,
1735 2723 2027 2774 nescientes
2054 2719 2174 2785 quid
2198 2735 2261 2770 ea
2290 2721 2450 2782 scrip·

1367 2805 1509 2847 ›tura
1565 2799 1662 2846 sibi
1735 2798 1917 2858 vellet,
1976 2811 2193 2859 eamque
2248 2795 2448 2858 legibus

1388 2875 1840 2937 grammaticorum
1868 2873 2127 2922 adversari
2156 2872 2458 2934 credentes,

1370 2949 1643 2999 dederunt
1666 2950 1930 3009 Millefere
1947 2962 2132 3011 passus.
2187 2949 2266 2996 Ea
2285 2948 2450 3011 scrip·

1389 3019 1505 3074 tura
1547 3032 1787 3087 superest
1833 3027 1885 3074 in
1936 3026 2085 3073 Voss.
2128 3028 2178 3073 2.
2222 3024 2352 3076 Lov.
2394 3027 2449 3075 3.

1388 3100 1609 3151 Gaertn.
1653 3107 1709 3149 et
1754 3099 1941 3163 fragm.
1978 3100 2116 3150 Hav.
2156 3116 2189 3149 a
2231 3114 2300 3150 m.
2338 3114 2449 3156 see.

1385 3174 1491 3225 Sed
1533 3176 1795 3239 vulgatum
1840 3176 1982 3226 Mille
2029 3191 2269 3241 passuum,
2310 3177 2448 3241 quod

1388 3259 1600 3301 servant
1622 3252 1803 3317 reliqui
1828 3253 2031 3316 scripti,
2051 3266 2331 3316 omnesque
2367 3259 2448 3315 ty·

1388 3329 1470 3393 pis
1491 3328 1731 3392 inpressi,
1753 3322 1930 3380 verum
1953 3338 2051 3378 est.
2117 3330 2186 3378 Et
2207 3329 2286 3377 ita
2304 3342 2447 3391 savpe

1390 3405 1570 3454 Livius
1610 3404 1814 3453 locutus
1858 3410 1955 3454 est.
2021 3404 2192 3467 Supra
2233 3416 2321 3452 111.
2360 3406 2447 3452 61.

1387 3480 1403 3508 ‘
1426 3479 1623 3530 Castris
1646 3480 1783 3529 mille
1809 3494 2047 3542 passuum
2081 3480 2146 3527 ab
2183 3479 2330 3528 hoste
2355 3493 2448 3541 po·

1388 3556 1504 3606 sitis
1546 3555 1724 3619 copias
1767 3553 2101 3605 continebat.’
2154 3566 2323 3604 xxm.
2365 3554 2448 3604 44.

1390 3632 1581 3681 ‘Mille
1619 3630 1730 3680 fere
1786 3645 2023 3693 passuum
2078 3629 2217 3677 inter
2265 3628 2444 3678 urbem

1390 3714 1541 3772 erant
1556 3705 1866 3771 castraque!
1898 3717 2145 3754 xxxvm.
2166 3708 2247 3754 21.
2271 3704 2287 3731 ‘
2308 3702 2448 3755 Qua·

1389 3791 1505 3834 tuor
1541 3782 1705 3832 ferme
1727 3782 1888 3831 millia
1920 3788 2234 3831 armatorum
2270 3778 2336 3829 ad
2364 3786 2445 3828 tu-

1387 3861 1582 3910 mulum
1603 3860 1940 3907 inminentem
1968 3858 2092 3921 viae,
2117 3858 2282 3908 minus
2303 3857 2446 3926 milte

1387 3948 1631 3998 passuum
1652 3948 1683 3981 a
1705 3933 1913 3996 castris,
1943 3932 2302 3995 occupandum
2329 3932 2446 3982 mit-

1388 4009 1545 4061 tunt.'
1601 4022 1762 4059 xuu.
1781 4013 1863 4058 11.
1894 4009 1909 4036 ‘
1934 4010 2014 4059 Ne
2045 4009 2157 4073 quis
2176 4010 2314 4058 ultra
2332 4009 2444 4060 mil·
2549 4023 2558 4028 ‘

1388 4089 1436 4147 le
1473 4101 1714 4153 passuum
1750 4085 1814 4135 ab
1851 4087 2011 4135 Roma
2050 4086 2293 4136 abesset?
2357 4086 2446 4156 Ita

1390 4172 1404 4195 ‘
1418 4166 1561 4215 mille
1577 4164 1806 4229 equitum
1822 4162 1838 4185 '
1863 4176 1986 4212 xxi.
2005 4167 2086 4213 61.
2105 4170 2119 4191 ‘
2136 4164 2446 4225 Transgres-

1388 4257 1475 4293 sus
1497 4242 1709 4292 lberum
1732 4240 2029 4292 Hasdrubal
2052 4255 2167 4292 cum
2190 4249 2310 4314 octo
2331 4240 2444 4304 mil·
