2934 4925
719 462 788 509 T.
835 460 1025 510 mvn
1074 461 1274 512 msr.
1325 461 1472 512 mn.
1519 465 1622 514 vr.
1670 465 1834 516 on.
1880 451 1985 515 10.

319 605 348 667 §
372 607 436 653 10
471 603 611 660 Quod
631 619 769 668 quum
787 604 932 654 simul
949 605 1186 669 niv-imon
1202 605 1316 665 sac·

256 686 356 729 tum
393 680 540 743 esset]
584 680 784 744 Utrique
802 681 994 739 sactum
1014 687 1135 731 esset
1169 683 1316 733 Leid.

256 761 304 805 1.
324 762 381 806 et
405 756 553 804 Harl.
577 762 623 805 1.
688 758 955 820 Scriptum
990 758 1160 809 fuerat
1194 764 1315 809 utri·

255 849 358 895 que.
429 834 534 884 Sed
586 842 757 884 notam
803 836 1211 901 suprascriptam
1254 837 1314 886 li-

255 908 414 960 brarii
451 912 756 964 omiserunt.
823 914 961 963 Vide
994 915 1090 964 hoc
1124 915 1215 965 lib.
1250 916 1315 965 ad

253 1003 301 1038 c.
323 992 409 1039 31.
435 992 532 1053 §8.
563 997 814 1055 utrumque
834 991 1026 1052 sactum
1045 998 1165 1043 esset
1185 994 1315 1045 Lov.

252 1068 304 1114 4.
324 1071 374 1115 5.
396 1074 452 1115 et
474 1068 711 1130 qnaedam
734 1084 800 1118 ex
824 1070 1197 1120 vetustioribus
1228 1084 1316 1118 ex-

253 1143 410 1204 cusis,
430 1152 488 1193 nt
523 1145 677 1197 Rom.
703 1150 848 1197 1472.
886 1148 1061 1197 Parm.
1096 1147 1315 1197 Mediol.

255 1222 400 1268 1480.
453 1221 655 1270 Tarvis.
711 1230 950 1287 utraque,
1004 1230 1060 1272 et
1107 1225 1318 1273 Veneta

255 1298 399 1346 1495.
428 1312 528 1360 qno
564 1297 745 1347 eodem
788 1314 922 1348 anno
959 1299 1316 1349 Mediolanen-

251 1385 333 1420 ses
354 1376 591 1436 utrimque
613 1374 1017 1439 substituerunt,
1037 1390 1319 1440 eorumque

253 1462 400 1498 exem
410 1452 494 1513 plo
515 1452 696 1515 reliqui
713 1445 998 1504 serrat-unt.
1072 1454 1319 1519 Utrimque

243 1523 434 1583 factum
455 1532 529 1576 est
550 1528 710 1576 habet
734 1528 881 1577 Leid.
914 1531 964 1577 2.

316 1601 475 1652 Porta
508 1618 573 1663 se,
594 1619 699 1668 quoe
730 1620 824 1655 una
841 1605 978 1665 sorte
1010 1621 1101 1655 non
1138 1607 1316 1656 obside·

255 1676 409 1738 batur,
431 1679 611 1742 trepidi
630 1695 724 1728 uno
743 1682 936 1742 agmine
965 1681 1158 1745 decere]
1198 1681 1318 1736 Quae

252 1768 347 1803 nna
368 1754 513 1814 sonte
534 1771 627 1807 non
649 1757 798 1810 obsid.
839 1757 985 1807 Leid.
1012 1762 1055 1807 1.
1092 1772 1186 1819 pro
1217 1773 1318 1822 qno

254 1846 360 1893 quoe
395 1849 491 1883 una
524 1834 694 1892 fronte
731 1849 824 1884 non
861 1834 1012 1885 obsid.
1059 1835 1318 1886 dederunt

255 1908 383 1958 Lov.
429 1914 481 1959 3.
535 1912 685 1960 Voss.
722 1916 772 1961 2.
815 1913 964 1961 Harl.
1008 1917 1054 1962 1.
1100 1912 1319 1962 Gaertn.

253 1984 536 2035 Klockian.
578 1997 633 2036 et
674 1986 860 2052 fragm.
904 1989 1044 2038 Hav.
1112 1988 1318 2039 Deinde

252 2065 441 2112 vocula
481 2080 574 2113 non
615 2067 817 2115 exsulat
863 2066 929 2115 ab
974 2065 1115 2117 Hav,
1182 2067 1315 2116 Turn

249 2140 435 2202 trepido
459 2154 551 2190 uno
573 2142 766 2202 agmine
792 2141 939 2192 Leid.
965 2146 1016 2192 2.
1042 2151 1096 2191 et
1119 2142 1246 2191 Lov.
1269 2147 1317 2196 1.

247 2231 341 2266 uno
365 2217 543 2281 trepidi
563 2219 757 2280 agmine
778 2219 928 2269 Leid.
956 2223 1003 2269 1.
1070 2220 1317 2285 Denique

247 2293 399 2343 eicere
425 2295 562 2344 Hav.
581 2302 636 2344 et
654 2293 838 2358 fragm.
858 2295 997 2347 ΗΝ.
1019 2310 1052 2345 a
1073 2310 1143 2344 m.
1163 2310 1270 2347 sec.

312 2370 343 2433 ς
373 2375 432 2419 11
466 2371 568 2422 Per
600 2387 745 2433 agros
777 2378 848 2422 est
868 2372 1027 2432 factat
1094 2372 1269 2422 Plures
1286 2388 1318 2423 a

247 2445 486 2498 Furianis
520 2448 655 2499 intra
694 2450 869 2499 moenia
899 2449 1029 2502 coest'.
1104 2450 1317 2501 Valeria·

245 2524 299 2573 ni
341 2526 687 2589 expeditiores]
736 2527 839 2577 Per
880 2542 1026 2589 agros
1053 2527 1198 2587 sacta
1245 2536 1319 2580 est

246 2601 478 2653 Gaertn.
541 2605 673 2654 Tum
706 2621 738 2654 a
777 2605 996 2656 Sutrinis
1035 2608 1158 2656 Lov.
1179 2611 1232 2656 4.
1263 2615 1319 2657 et

245 2679 405 2731 Harl.
433 2685 486 2732 2.
524 2698 556 2731 a
588 2683 797 2743 furiatis
828 2684 954 2734 Lov.
991 2688 1040 2733 3.
1109 2686 1318 2736 Deinde

244 2758 381 2809 inter
411 2760 585 2809 snoenia
609 2761 759 2810 Voss.
789 2764 841 2812 2.
875 2770 931 2812 et
967 2761 1095 2811 Lov-
1130 2768 1179 2813 3.
1219 2765 1319 2813 sol·

247 2835 410 2887 lemni
450 2850 651 2886 errore.
717 2838 853 2887 Vide
888 2837 952 2887 sd
997 2853 1049 2888 v.
1080 2843 1165 2890 26.
1209 2843 1237 2905 §
1270 2845 1319 2890 3.

249 2911 505 2977 Denique
528 2913 776 2964 Valeriani
794 2915 1037 2965 celeriores
1055 2918 1316 2980 expeditio·

249 3004 327 3040 res
350 2989 501 3049 fuere
540 2991 690 3040 Voss.
711 2994 759 3039 2.
799 2993 890 3041 sed
929 2995 1043 3043 voci
1074 2996 1321 3046 celeriores

248 3066 499 3130 subjectis
515 3067 653 3117 notis
669 3066 917 3119 indicavit
930 3069 1315 3135 librarius,earn

251 3142 531 3192 delendam
552 3157 687 3192 esse.

315 3221 343 3284 ς
369 3224 432 3270 12
469 3220 637 3270 Sutrio
670 3226 876 3283 recepto,
897 3223 1212 3289 restitutoque
1242 3241 1317 3276 so-

249 3296 354 3360 ciis,
412 3297 602 3360 Nepete
656 3297 893 3348 exercitus
944 3300 1136 3363 ductus]
1192 3302 1320 3353 Sunt

250 3372 432 3422 tetriore
469 3377 620 3436 coepto
655 3373 916 3437 restitoque
945 3376 1099 3426 socius
1132 3375 1320 3440 depra-

253 3455 373 3498 vate
392 3448 545 3497 Leid.
564 3452 612 3496 1.
680 3449 890 3499 Deinde
909 3451 1067 3516 Nepet
1084 3454 1323 3504 exercitus

252 3524 423 3572 ductus
445 3523 662 3573 Harl.2.
685 3525 825 3576 Ηαν.
850 3534 907 3576 et
930 3527 1079 3580 Port.
1102 3545 1222 3582 a-m.
1242 3546 1321 3594 pr.

252 3599 386 3649 Vide
410 3598 479 3648 ad
502 3602 599 3664 §3.
621 3602 771 3666 hujus
787 3617 907 3666 cap·
936 3605 1120 3671 Nepete
1139 3609 1323 3658 exerci-

254 3681 329 3726 tus
347 3677 509 3727 dictus
530 3678 682 3729 Harl.
705 3683 754 3729 1.
818 3681 956 3732 Vide
982 3683 1047 3731 ad
1070 3697 1320 3735 xxxvm.

253 3756 333 3802 43.
372 3756 476 3818 §L
541 3755 675 3804 Mox
716 3756 770 3806 in
810 3758 979 3808 verbis
1021 3774 1168 3826 seqq.
1199 3765 1322 3826 quod

254 3831 540 3880 deditionem
572 3837 813 3896 acceptum
846 3835 975 3884 Lov-
996 3841 1046 3887 1.
1091 3840 1216 3900 quod
1245 3841 1320 3889 di·

257 3905 428 3957 tionem
447 3913 690 3970 occeptum
712 3909 863 3958 Harl.
886 3915 934 3960 1.
964 3914 1088 3973 quod
1120 3929 1210 3977 per
1239 3918 1321 3965 de.

256 3982 479 4033 ditionem
500 3990 746 4047 exceptum
775 3985 912 4035 Hav-
978 3987 1113 4039 Vide
1149 3990 1215 4040 ad
1253 4006 1319 4042 11.

254 4062 335 4109 47.
356 4063 384 4125 §
407 4066 454 4111 7.
711 4103 721 4110 .

247 4192 253 4197 ,
319 4137 457 4186 ΟΑΡ.
499 4150 555 4186 x.
623 4141 651 4203 ς
681 4142 704 4187 1
748 4138 1014 4190 Videbatur
1035 4142 1144 4204 plus
1179 4144 1231 4192 in
1262 4156 1321 4194 ed

257 4213 367 4279 urbe
407 4214 677 4278 recipienda
716 4215 891 4266 loboris
909 4217 1047 4281 sore]
1086 4219 1321 4271 Videban-

261 4293 342 4337 tur
360 4289 511 4339 Leid.
532 4293 582 4339 1.
644 4290 842 4341 Vocem
866 4298 1039 4343 autern
1060 4294 1320 4360 urbe,qure

262 4376 294 4412 a
336 4364 596 4429 prioribus
640 4365 766 4419 edd.
807 4369 1092 4433 exsularat,
1127 4371 1322 4434 primus

2274 454 2441 520 ’7901

1391 605 1557 657 Aldus
1594 608 1799 660 addidit
1843 615 2057 676 eamque
2096 617 2308 662 servant
2345 626 2452 662 om-

1391 697 1486 733 nes
1519 684 1719 748 scripti.
1783 687 1911 736 Turn
1949 687 2219 750 recipienda
2236 689 2354 747 sore
2382 692 2452 739 lo·

1390 759 1535 821 boris,
1557 762 1823 811 vocabulis
1853 763 2203 826 transpositis,
2229 764 2452 816 Gaertn.

1392 836 1497 885 Sed
1506 838 1620 896 sore
1636 838 1770 888 male
1789 838 2171 902 neglegebatur
2189 839 2241 889 in
2266 840 2450 906 fragm.

1390 914 1528 963 Hav.
1548 914 1867 978 recipiendum
1888 915 2061 965 laboris
2076 916 2192 976 sore
2219 918 2341 967 Lov.
2362 926 2415 969 4.

1456 990 1571 1040 Non
1591 991 1643 1039 in
1672 1006 1725 1039 eo
1759 992 1926 1052 solum,
1958 993 2078 1054 qnod
2109 996 2212 1041 tota
2245 994 2451 1044 hostium

1390 1066 1520 1129 erat]
1564 1068 1787 1117 Videtur
1814 1068 2082 1117 abundare
2117 1068 2178 1118 τὸ
2208 1070 2279 1121 in.
2311 1071 2367 1121 J.
2391 1072 2448 1122 F.
2516 1091 2535 1102 -

1392 1142 1559 1193 Gron.
1625 1143 1762 1193 Illud
1800 1144 1852 1193 in
1875 1154 2178 1194 constanter
2217 1156 2451 1207 servant,

1394 1221 1583 1284 quibus
1620 1223 1743 1272 us'us
1767 1223 2071 1282 surn‚codd.
2142 1224 2257 1273 Non
2291 1228 2343 1274 in
2386 1243 2448 1276 ea

1391 1300 1562 1359 solum,
1598 1301 1721 1361 quod
1742 1300 1793 1348 in
1817 1304 1920 1349 tota
1938 1299 2142 1348 hostium
2162 1306 2268 1350 erat
2288 1302 2449 1353 habet

1393 1376 1618 1426 Gaertn.

1461 1453 1562 1502 Sed
1593 1455 1737 1503 etiam
1768 1457 1910 1518 quod,
1935 1461 2075 1519 parte
2109 1455 2452 1518 Nepesinorum

1387 1531 1617 1590 prodente
1652 1531 1909 1592 civitatem,
1934 1531 2078 1591 facta
2111 1537 2214 1580 erat
2246 1534 2450 1598 deditio]

1394 1605 1496 1655 Sed
1515 1607 1754 1669 quodjom
1784 1614 1923 1671 porte
1945 1610 2069 1659 [ιον.
2090 1613 2141 1658 2.
2156 1613 2205 1658 4.
2240 1612 2322 1657 sed
2341 1611 2452 1670 jons

1391 1684 1514 1745 quod
1540 1690 1678 1746 parte
1717 1685 1866 1734 Leid.
1897 1689 1945 1732 1.
1977 1685 2105 1734 Lov.
2129 1691 2177 1733 5.
2217 1685 2369 1734 Harl.
2400 1690 2451 1736 2.

1394 1758 1613 1808 Gaertn.
1645 1761 1782 1810 Hav.
1805 1768 1859 1809 et
1884 1760 2072 1824 fragm.
2097 1761 2236 1809 Har.
2288 1762 2450 1810 Dein-

1394 1836 1460 1884 de
1486 1837 1827 1900 Nepetinorum
1862 1838 1988 1886 Lov-
2025 1841 2074 1886 3.
2122 1846 2178 1886 et
2211 1838 2366 1888 Voss.
2401 1844 2455 1889 2.

1394 1913 1765 1976 Nepestinormn
1834 1914 1985 1964 Harl.
2039 1919 2088 1963 2.
2181 1923 2238 1963 et
2296 1916 2447 1964 Port.

1395 1990 1767 2054 Nepessinorum
1821 1991 1958 2041 Har.
2059 1991 2453 2054 Nepetesinorum

1393 2066 1616 2116 Gaertn.
1684 2068 2009 2131 Nepesinorum
2046 2068 2193 2118 Leid.
2227 2072 2276 2116 1.
2344 2069 2449 2117 Sed

1391 2145 1659 2207 vulgatum
1698 2159 1873 2193 verum
1911 2151 2006 2193 est.
2069 2144 2269 2194 Incolae
2311 2145 2450 2195 enirn

1391 2220 1535 2270 urbis
1563 2220 1784 2284 Nepetis
1817 2222 1834 2249 ‘
1853 2220 2136 2284 Nepesini'
2173 2231 2450 2272 vocantur.

1391 2296 1530 2346 Vide
1561 2298 1712 2348 Cluv.
1732 2298 1852 2348 Ital.
1872 2297 2054 2364 Antiq.
2082 2312 2145 2348 11.
2163 2303 2214 2348 3.
2255 2314 2309 2361 p.
2331 2304 2452 2349 529.

1391 2373 1521 2423 Turn
1544 2391 1641 2426 vox
1664 2376 1909 2425 civitatem
1928 2390 1958 2425 a
1979 2391 2046 2425 m.
2069 2390 2172 2426 sec.
2187 2385 2452 2439 expuncta

1393 2462 1509 2503 erat
1535 2454 1585 2503 in
1609 2453 1796 2519 fragm.
1820 2454 1964 2505 Hav-

1457 2530 1487 2593 ς
1521 2535 1553 2580 2
1586 2531 1732 2580 Mitti
1753 2536 1908 2580 tamen
1927 2533 1991 2580 od
2023 2531 2268 2594 principes
2294 2545 2452 2581 eornm

1387 2612 1590 2675 placuit,
1611 2617 1665 2661 ut
1683 2616 1977 2661 secernerent
1998 2609 2074 2673 se]
2100 2610 2244 2659 Mitti
2263 2616 2367 2659 tum
2387 2613 2453 2660 od

1389 2687 1627 2750 paincipes
1647 2687 1776 2737 Lov,
1799 2691 1851 2737 2.
1916 2686 2054 2735 Vide
2083 2685 2149 2734 ad
2187 2699 2334 2734 xxn.
2369 2690 2450 2735 17.

1392 2765 1490 2828 95.
1523 2763 1671 2812 Mitti
1689 2763 1801 2812 inde
1820 2764 1885 2811 ad
1900 2761 2138 2825 principes
2161 2761 2300 2810 Hav.
2346 2762 2451 2811 Sed

1393 2839 1588 2903 saepius
1608 2838 1807 2888 librarii
1844 2839 1897 2888 in
1939 2838 2150 2888 vocibus
2172 2839 2283 2888 inde
2305 2846 2360 2889 et
2379 2844 2458 2889 td·

1391 2931 1498 2965 men
1519 2915 1588 2964 ob
1613 2915 2006 2966 similitudinem
2029 2917 2457 2979 compendiorum

1388 2993 1442 3042 iii
1461 3002 1518 3043 et
1537 2993 1610 3053 tii,
1633 2992 1814 3057 quibus
1836 2992 1993 3041 scribi
2016 2992 2202 3046 solent,
2234 2991 2453 3042 confun-

1392 3070 1577 3119 dendis
1594 3074 1896 3132 peccarunt.
1934 3067 2072 3118 Vide
2096 3067 2158 3116 ad
2180 3081 2234 3115 v.
2250 3072 2334 3116 18.
2355 3071 2383 3133 §
2402 3073 2453 3118 8.

1392 3153 1447 3196 et
1467 3147 1589 3195 mox¹
1610 3145 1708 3194 hoc
1729 3157 1846 3207 cap.
1868 3145 1897 3209 ς
1920 3147 1969 3192 8.
2004 3143 2144 3191 Hinc
2166 3157 2326 3191 eornm
2349 3158 2451 3193 non

1392 3222 1612 3284 adparet
1633 3223 1683 3270 in
1710 3220 1842 3269 va.
1864 3223 1915 3268 3.
1980 3218 2181 3268 Deinde
2203 3223 2258 3268 ut
2281 3234 2332 3268 se
2348 3234 2479 3268 cer·-

1393 3303 1561 3348 nerent
1582 3298 1641 3347 ab
1660 3296 1882 3346 Etruscis
1911 3294 2047 3344 idern
2072 3295 2199 3345 Lov.
2219 3299 2268 3345 3.
2324 3301 2379 3344 ut
2400 3311 2454 3345 se

1392 3376 1662 3424 secederent
1683 3389 1733 3423 sc
1757 3373 1940 3436 fragm.
1965 3371 2102 3421 Hav.
2156 3375 2211 3421 nt
2241 3386 2454 3421 secerne·

1393 3455 1519 3510 rent,
1538 3452 1609 3512 τῷ
1631 3465 1681 3499 se
1696 3455 1982 3514 expuncto,
2002 3447 2221 3497 Gaertn.
2241 3449 2377 3496 unde
2399 3454 2455 3496 nt

1394 3528 1661 3577 secederent
1681 3524 1957 3588 legendnm
1979 3539 2111 3587 esse,
2152 3525 2315 3572 videri
2335 3539 2452 3587 pos-

1397 3612 1497 3654 set.
1565 3604 1668 3654 Sed
1698 3605 1822 3653 nihil
1846 3609 2007 3654 muto.
2062 3603 2249 3654 Livius
2275 3615 2453 3652 xxxv.

1398 3685 1482 3733 14.
1515 3681 1702 3735 ‘Quod
1728 3696 1758 3730 e
1793 3695 1950 3744 grege
1987 3694 2043 3729 se
2081 3680 2454 3743 imperatorum

1398 3761 1544 3807 velut
1559 3757 1967 3806 inaestimabilern
1981 3754 2321 3805 secrevisset!
2339 3756 2454 3806 Cic.

1396 3836 1550 3885 Orat.
1575 3834 1789 3884 Catilin.
1833 3846 1874 3882 r.
1903 3836 1951 3880 9.
1984 3837 2000 3861 ⁴
2019 3833 2239 3881 Concita
2273 3834 2451 3895 perdi·

1395 3920 1482 3961 tos
1505 3912 1664 3968 cives,
1688 3923 1907 3959 secerne
1944 3915 1995 3957 te
2033 3922 2067 3956 a
2106 3908 2299 3959 bonisz’
2333 3917 2388 3959 et
2404 3925 2452 3958 c.

1395 3992 1477 4038 13.
1510 3986 1799 4039 ‘secedant
1836 3984 2060 4049 inprobi,
2095 3994 2371 4035 secernant
2397 4002 2456 4036 se

1325 4098 1328 4103 -
1396 4065 1616 4128 abonis,
1646 4079 1799 4113 unnm
1841 4064 1892 4111 in
1932 4063 2099 4112 locum
2137 4072 2479 4127 congr-egens

1396 4150 1519 4191 tur:
1577 4156 1724 4190 muro
1762 4140 2008 4204 deniqne,
2044 4140 2097 4188 id
2131 4140 2268 4205 qubd
2312 4156 2454 4202 saepe

1387 4219 1499 4283 jam
1522 4217 1653 4277 dixi,
1677 4224 2017 4267 secernantur
2056 4233 2085 4266 a
2118 4215 2306 4266 nobis!
2368 4217 2455 4267 Ita

1396 4299 1411 4324 ‘
1434 4303 1671 4346 secretus
1694 4295 1762 4346 ab
1791 4297 1906 4347 aliis
1926 4294 1939 4317 ’
1969 4296 2066 4346 hoc
2083 4295 2173 4346 lib.
2196 4309 2239 4345 c.
2258 4298 2341 4345 25.
2360 4296 2449 4344 ubi

1397 4371 1662 4439 aliatvide.
