2934 4925
458 405 636 472 7612

457 564 616 615 ficere
655 562 895 620 voluisse,
919 558 1156 626 quoniam
1192 556 1523 609 concorditer

456 642 595 691 bunc
620 641 974 704 magistratum
1009 637 1303 701 gessissent.
1367 635 1526 705 Erro:

458 734 569 768 rem
604 720 780 782 itaque
816 732 918 767 nou
956 715 1201 780 librariis,
1236 714 1327 765 aed
1353 713 1523 776 Livio,

460 794 793 846 tribuendum
821 801 970 856 puto.

526 871 684 936 Refici
726 872 999 934 adparebat,
1044 869 1108 920 L.
1157 867 1409 923 Titinium
1455 866 1524 917 P.

461 947 756 1008 Menenium,
783 949 876 997 Gn.
897 947 1178 1008 Genucium,
1196 945 1259 996 L.
1270 942 1524 1007 Attiliurn]

457 1026 684 1075 Veteres
707 1024 828 1073 libri
860 1023 988 1073 nibil
1023 1022 1339 1072 dissentiunt
1361 1036 1390 1070 a
1414 1020 1524 1070 vul·

458 1102 611 1165 gatis,
635 1101 736 1151 uisi
752 1101 889 1166 quod
909 1115 1013 1150 non
1032 1099 1098 1150 Ρ.
1115 1098 1410 1159 Menenium,
1432 1095 1523 1145 sed

459 1178 527 1229 Ρ.
562 1176 814 1240 Moenium,
853 1176 1066 1224 babent.
1132 1173 1395 1224 Diodorus
1434 1186 1524 1221 au-

458 1262 585 1311 tem,
606 1261 667 1303 ut
691 1260 815 1303 ante
839 1253 949 1302 dixi
972 1252 1034 1302 ad
1073 1267 1120 1302 c.
1144 1254 1224 1300 12.
1248 1253 1276 1316 §
1299 1254 1380 1300 lo.
1411 1249 1525 1298 boec

459 1331 569 1380 edit
609 1331 818 1381 nomina
855 1331 891 1379 l.
933 1343 1049 1379 τιν.
1093 1343 1147 1392 p.
1166 1332 1280 1377 443.
1327 1325 1527 1376 Λεύκων

458 1405 677 1464 Τιτίνιον,
698 1405 910 1456 Πόπλιον
929 1404 1147 1466 Λικίνιον,
1169 1402 1384 1454 Πόπλιον
1404 1402 1525 1452 Μαί-

459 1491 586 1543 λιυν,
608 1482 806 1533 Κόϊντον
840 1481 1055 1545 Mamor,
1086 1483 1251 1531 Γναῖον
1286 1479 1527 1541 Γενύκιον,

457 1562 655 1608 Λεύκιον
673 1558 902 1608 Ἀτίλιον.
967 1559 1140 1611 Quare
1164 1573 1282 1608 cum
1296 1557 1528 1622 quinquo

460 1645 665 1687 tantum
687 1637 1009 1686 tribunorum
1035 1635 1239 1684 nomina
1264 1635 1366 1685 sint
1390 1634 1442 1682 in
1465 1634 1523 1682 li·

460 1713 568 1764 bris
592 1713 746 1775 Livii,
770 1727 867 1776 pro
897 1713 965 1764 P.
987 1712 1231 1769 Menenio,
1256 1712 1322 1761 Ρ.
1347 1710 1529 1760 Mani·

433 1827 437 1831 .
459 1805 559 1852 m,
582 1792 649 1840 Ρ.
665 1791 885 1840 Matium
901 1788 1254 1853 reponendum
1272 1793 1374 1851 est,
1390 1801 1523 1851 proe·

461 1871 642 1920 sertim
665 1883 791 1920 vero
825 1882 941 1918 curn
966 1867 1181 1931 scribat,
1210 1866 1227 1894 ‘
1243 1877 1528 1930 omnesque

459 1945 709 2009 deinceps
754 1960 821 1993 ex
864 1943 1087 2007 collegio
1132 1942 1366 2007 ejusdem
1405 1939 1528 1989 anni

459 2015 605 2071 refici
648 2019 975 2085 apparebat.'
1040 2020 1174 2069 Sunt
1215 2017 1353 2067 enim
1387 2024 1528 2066 ‘orn-

457 2111 550 2146 nes
574 2111 640 2145 ex
664 2097 846 2146 eodem
874 2095 1096 2160 collegio
1114 2095 1129 2118 ⁸
1164 2102 1364 2159 praeter
1395 2099 1412 2122 ⁶
1429 2094 1528 2146 Cu.

459 2172 750 2223 Genucium
774 2181 829 2223 et
856 2174 913 2223 L.
936 2171 1193 2222 Atilium.’
1259 2171 1328 2220 Et
1346 2177 1527 2220 rectez

457 2262 559 2299 non
597 2248 732 2298 enim
773 2250 846 2298 ait
897 2248 1111 2298 ‘omnes
1147 2246 1374 2298 refectos
1412 2259 1530 2296 esse

458 2328 688 2391 ejusdem
704 2328 949 2392 collegii,’
971 2329 1063 2379 sed
1085 2330 1101 2359 ‘
1117 2328 1406 2394 apparebat
1423 2342 1530 2378 om·

460 2420 554 2455 nes
595 2404 781 2457 refici.’
847 2406 1024 2473 Atque
1047 2408 1129 2456 hic
1152 2408 1294 2456 locus
1319 2419 1530 2456 causam

463 2482 608 2532 dedit
634 2484 919 2549 Glareano,
942 2492 1004 2535 ut
1039 2486 1091 2535 iu
1114 2485 1316 2535 Livium
1340 2484 1530 2533 acerbe

462 2559 819 2611 inveberetur.
888 2562 931 2626 [⁴
950 2562 1242 2613 Glareanus
1265 2576 1368 2612 non
1391 2561 1533 2609 inve·

463 2636 607 2686 bitur
637 2638 691 2687 in
729 2639 951 2696 Livium,
976 2639 1068 2688 sed
1105 2639 1197 2695 ait,
1218 2636 1328 2687 fieri
1360 2650 1530 2701 posse,

459 2719 522 2761 ut
542 2713 699 2762 codd.
718 2715 856 2764 Livii
879 2715 985 2765 siut
1006 2714 1297 2780 depravati,
1319 2720 1408 2763 aut
1444 2712 1531 2762 Li·

464 2790 579 2839 vius
603 2791 779 2854 lapsus
802 2790 1111 2855 memoria-⁵]
1144 2791 1315 2853 Sigon.
1370 2791 1430 2840 L.
1448 2789 1532 2839 Ti-

459 2866 673 2917 titinium
711 2869 850 2919 Flor.
925 2870 985 2919 L.
1025 2870 1262 2919 Tieiuium
1295 2869 1445 2919 Voss.
1481 2871 1533 2918 2.

461 2943 610 2994 Leid.
627 2949 676 2993 2.
703 2945 832 2994 Lov.
850 2950 899 2996 2.
924 2949 973 2994 3.
995 2950 1041 2996 4.
1069 2952 1120 2995 5.
1144 2945 1531 2995 Port.Gaertn.

459 3019 598 3069 Hav.
624 3029 678 3069 et
700 3020 886 3085 fragm.
904 3021 1052 3071 ΗΝ.
1119 3021 1255 3071 Vide
1278 3036 1397 3070 rnox
1433 3020 1534 3069 hoc

432 3110 576 3160 cap.
613 3098 679 3146 ad
714 3100 815 3163 §¹7.
839 3106 893 3148 et
917 3099 980 3147 ad
1003 3114 1049 3147 c.
1075 3102 1156 3148 12.
1191 3100 1327 3162 §lm
1393 3095 1531 3145 Turn

458 3173 526 3222 P.
552 3174 802 3231 Maeniam,
829 3190 925 3239 pro
947 3177 1013 3225 Ρ.
1035 3176 1334 3235 Menenium,
1354 3188 1532 3224 omnes

460 3250 619 3300 codd.
644 3252 763 3314 mei,
787 3251 914 3317 (nisi
931 3253 1068 3316 quod
1095 3254 1144 3301 in
1170 3266 1275 3302 uno
1298 3252 1436 3301 Hav.
1461 3252 1533 3301 sit

465 3327 530 3375 Ρ.
555 3327 788 3393 Memius)
812 3338 867 3379 et
890 3329 1112 3379 Hearnii
1137 3329 1313 3379 Oxou.
1336 3329 1396 3378 1..
1421 3331 1533 3377 1.2.

460 3408 516 3452 et
541 3403 603 3453 C.
638 3404 926 3454 ‘Maenius'
962 3412 1136 3455 autem
1171 3412 1228 3455 et
1259 3405 1531 3454 ‘Meneni-

460 3493 520 3529 us
543 3478 558 3500 '
591 3480 748 3530 etiarn
773 3482 899 3531 alibi
921 3480 1334 3533 confunduntur.
1395 3481 1533 3530 Vide

462 3556 528 3605 ad
553 3570 678 3607 vm.
705 3562 784 3608 13.
810 3560 906 3624 §L
976 3559 1145 3611 anem
1161 3558 1351 3610 deinde
1375 3558 1532 3609 tertio

463 3632 582 3682 loco
625 3634 831 3685 addidit
871 3635 1134 3700 Sigonius,
1179 3637 1243 3687 P.
1291 3636 1532 3696 Moelium,

456 3708 702 3771 ignorant
754 3711 963 3769 iterum,
1009 3727 1136 3777 quos
1193 3713 1316 3770 vidi,
1374 3714 1529 3763 codd.

460 3785 597 3850 quod
624 3786 892 3839 Hearnius
913 3789 1075 3840 etiam
1095 3789 1159 3839 de
1181 3790 1356 3841 Oxou.
1381 3790 1448 3839 B.
1470 3790 1529 3840 C.

461 3868 516 3911 et
571 3863 642 3912 N.
716 3871 960 3915 testatur.
1048 3867 1120 3917 Et
1177 3866 1532 3916 verisimiliter

457 3936 672 4001 Pighius
711 3942 1005 4005 suspicatur
1044 3943 1098 3991 in
1135 3942 1322 3993 Annal.
1365 3942 1430 3992 ad
1482 3956 1530 3992 a.

457 4024 693 4063 cchvn.
733 4028 785 4079 p.
815 4021 930 4066 21⁷.
968 4032 1083 4067 eum
1122 4020 1528 4083 praetermissum

455 4104 571 4139 esse
608 4105 638 4138 a
673 4092 900 4141 libr-ariis
927 4093 1171 4156 indoctis,
1197 4096 1384 4160 quibus
1410 4102 1531 4160 post

460 4166 526 4215 P.
549 4166 785 4217 Manium
817 4182 1003 4218 nomen
1045 4171 1111 4219 Ρ.
1133 4172 1293 4221 Melia·
1333 4170 1530 4221 frustra

460 4244 633 4306 repeti
674 4244 964 4295 videbatur.
1028 4248 1286 4300 Quartum
1331 4257 1528 4299 vocant

463 4318 546 4368 03.
572 4319 837 4371 Genucium
871 4321 1001 4372 Lov.
1023 4327 1076 4372 2.
1098 4329 1156 4373 et
1181 4328 1231 4373 8.
1283 4324 1403 4386 θος.
1428 4324 1527 4374 Ge-

456 4390 649 4446 »adun
680 4397 833 4450 Voss.
868 4402 918 4450 1.
950 4404 1010 4450 et
1043 4398 1171 4452 Lov.
1205 4402 1252 4448 1.
1292 4401 1526 4451 conulem

1151 415 1368 467 NOTAE
1418 413 1831 463 VAaloRuu
1883 413 1963 461 ΙΝ

1601 555 1871 607 Genucium
1912 553 2063 605 Voss.
2104 557 2153 604 2.
2224 561 2352 604 cm.
2398 553 2671 605 Genucium

1597 633 1748 684 Leid.
1772 638 1819 683 1.
1857 634 1983 683 Lor.
2010 638 2060 683 5.
2090 640 2145 682 et
2170 630 2358 696 fragm.
2382 631 2523 682 Har.
2547 647 2578 680 a
2604 647 2673 680 m.

1599 726 1678 776 pr.
1748 713 1826 762 M.
1846 711 2113 761 Genucium
2135 727 2164 761 a
2187 727 2257 761 m.
2281 704 2388 762 s'ec.
2458 715 2544 762 Co.
2569 715 2669 764 Ge·

1594 787 1791 838 unicium
1813 786 1960 836 Leid.
1981 792 2031 837 2.
2084 789 2203 837 Con.
2229 788 2497 839 Genucium
2514 789 2667 841 Harlz

1597 870 1645 916 1.
1694 867 1751 916 C.
1788 865 2050 915 Gentilium
2087 865 2237 914 Port.
2280 871 2335 913 et
2373 865 2511 914 Har.
2570 866 2670 915 Ge·

1596 943 1805 1002 utilium,
1849 942 2035 1009 omisso
2080 942 2411 1006 praenomine,
2455 943 2585 993 Lov.
2622 947 2673 992 4.

1595 1019 1703 1069 Soli
1728 1018 1878 1081 Harl.
1905 1022 1955 1068 2.
1993 1025 2049 1068 et
2090 1018 2311 1069 Gaertn.
2356 1025 2499 1068 recte
2532 1020 2671 1068 cnei

1598 1110 1894 1161 prenomen
1918 1097 1968 1145 ei
1993 1095 2246 1147 tribuunt.
2315 1096 2562 1160 Denique
2595 1098 2670 1146 lo·

1597 1189 1660 1225 co
1685 1175 1851 1224 ultimi
1892 1174 1953 1224 L.
1984 1174 2191 1224 Atilium
2221 1174 2351 1223 Lov.
2373 1179 2423 1223 4.
2460 1176 2672 1224 consules

1598 1251 1837 1316 praefert.
1904 1252 2142 1303 Lutilium
2176 1252 2329 1301 Harl.
2368 1256 2412 1300 1.
2477 1250 2542 1300 L.
2569 1251 2671 1301 Ao·

1599 1329 1758 1380 titium
1780 1328 1930 1378 Leid.
1950 1333 2001 1378 2.
2065 1328 2129 1378 L.
2151 1327 2379 1377 Attium
2401 1328 2533 1375 Lov.
2556 1331 2603 1376 1.
2619 1331 2670 1375 2.

1598 1413 1647 1456 ις.
1667 1407 1817 1457 Port.
1838 1413 1891 1456 et
1913 1408 2055 1457 Ηειν.
2118 1406 2242 1462 Sed,
2273 1405 2485 1455 Atilium
2522 1420 2624 1454 uno
2648 1410 2671 1453 t

1599 1484 1755 1535 scribi
1780 1491 2046 1547 oportere,
2080 1483 2326 1545 Sigonius
2345 1482 2551 1532 monuit
2573 1483 2671 1531 hoc

1598 1562 1688 1611 lib.
1725 1561 1789 1610 ad
1825 1576 1872 1611 c.
1910 1564 1995 1610 13.
2036 1562 2140 1624 §8.
2175 1558 2260 1606 ubi
2299 1571 2330 1606 a
2364 1557 2669 1622 quibusdam

1600 1637 1799 1689 Atinius
1822 1636 2126 1687 vocabatur.
2193 1635 2334 1686 Quin
2365 1642 2419 1683 et
2443 1634 2669 1697 Pighius

1600 1718 1713 1766 loco
1736 1713 1874 1763 laud.
1910 1713 2064 1764 modo
2100 1728 2219 1763 eum
2245 1711 2493 1772 Atinium,
2514 1711 2672 1761 modo

1598 1793 1809 1843 Atilium
1831 1790 2148 1856 appellavit;
2182 1789 2293 1845 sed,
2315 1798 2373 1838 ut
2397 1795 2571 1854 patet,
2596 1789 2674 1836 in·

1601 1872 1721 1921 vitis
1758 1871 1996 1920 omnibus
2038 1868 2195 1918 codd.
2258 1869 2433 1916 Voces
2472 1867 2534 1918 L.
2557 1867 2672 1916 Ati·

1601 1948 1736 2008 lium,
1778 1949 1878 2012 qui,
1925 1946 2203 2009 priusquam
2256 1943 2675 1996 renunciarentur,

1588 2022 1705 2085 jare
1737 2023 1917 2073 vocatia
1951 2021 2186 2075 tribubus.
2223 2019 2458 2082 permissu
2490 2016 2673 2067 defici-

1602 2108 1695 2150 unt
1721 2101 1770 2148 iu
1795 2100 2011 2149 Gaertn.
2047 2097 2108 2146 L.
2135 2095 2385 2150 Titinium,
2409 2095 2472 2143 Ρ.
2506 2095 2677 2144 Mene-

1601 2179 1750 2239 nium,
1775 2178 1865 2226 Cu.
1889 2174 2167 2228 Genauam,
2190 2173 2252 2221 L.
2272 2172 2514 2221 Raciliam
2538 2185 2675 2234 prm·

1601 2252 1780 2304 ferunt
1794 2251 2104 2301 vetustiores
2125 2248 2266 2312 typis
2282 2247 2501 2296 exarati.
2547 2245 2676 2308 Sed,

1604 2344 1699 2394 pro
1721 2329 1782 2379 L.
1801 2327 2056 2382 Racilium,
2079 2325 2275 2388 primus
2290 2322 2456 2372 Aldus
2475 2321 2540 2370 L.
2557 2320 2675 2371 Ati·

1605 2408 1723 2457 lium
1747 2404 1997 2471 reposuit.
2066 2400 2308 2465 Sigonius
2325 2412 2499 2449 veram
2523 2397 2678 2448 lecti-

1606 2499 1756 2536 onem
1781 2490 1928 2533 recte
1952 2478 2305 2541 investigavit.

1679 2560 1778 2617 Qui
1814 2559 2088 2623 priusquam
2128 2553 2539 2609 renunciarentur,
2560 2551 2680 2614 jure

1604 2636 1786 2688 uocatis
1823 2635 2041 2684 tribubus
2070 2632 2304 2697 permissu
2333 2629 2593 2692 interr-egis
2614 2630 2682 2678 P.

1607 2714 1828 2765 Licinius
1855 2713 2031 2763 calvus
2051 2711 2124 2760 itu
2145 2709 2287 2759 verba
2296 2706 2447 2769 fecit]
2482 2707 2538 2756 Si
2562 2720 2682 2756 sen-

1608 2803 1721 2840 snm
1756 2789 2111 2853 explicavero,
2134 2782 2567 2850 quemadmodum
2602 2782 2682 2832 iu·

1609 2866 1851 2931 terpungi
1889 2864 2053 2913 verba
2093 2868 2336 2926 oporteat
2384 2857 2683 2923 apparebit.

1606 2948 1674 2997 P.
1720 2945 1997 3005 Licinium,
2038 2943 2231 3007 inquit,
2264 2955 2368 2990 non
2409 2944 2679 3004 petentem

1606 3022 1967 3088 praerogativae
2004 3019 2267 3068 triburium
2306 3017 2528 3067 militum
2564 3030 2680 3065 cre-

1607 3106 1719 3160 ant,
1754 3109 2037 3161 omnesque
2062 3095 2310 3159 deinceps
2349 3107 2414 3142 ex
2454 3092 2680 3160 collegio

1608 3177 1842 3242 ejusdem
1886 3176 2006 3225 anni
2046 3173 2187 3223 refici
2233 3172 2547 3237 apparebat,
2590 3172 2680 3236 qui

1610 3253 1910 3317 priusquam
1935 3252 2369 3301 renunciarentur
2391 3264 2423 3299 a
2442 3250 2566 3314 jure
2591 3261 2680 3298 voa

1607 3330 1739 3379 catis
1774 3328 2032 3392 tribubus,
2064 3328 2131 3377 P.
2155 3326 2380 3377 Licinius
2419 3326 2678 3390 permissu

1607 3405 1886 3470 interregis
1940 3405 2017 3453 ita
2070 3404 2315 3466 loquutus
2359 3409 2460 3450 est.
2510 3399 2683 3463 Sigon.

1606 3482 1975 3546 Interpunclio
2007 3480 2203 3543 Sigouii
2231 3485 2409 3543 potest
2447 3476 2679 3540 admitti,

1603 3559 1882 3625 priusquam
1915 3558 2312 3608 renunciarentur
2342 3554 2462 3615 jure
2498 3554 2681 3603 vocatis

1606 3636 1843 3699 tribubus,
1867 3636 1963 3685 hac
2001 3632 2476 3696 interpretatione:
2516 3629 2681 3692 prius·

1606 3729 1760 3779 quam
1798 3728 1892 3777 per
1927 3713 2242 3775 interregem
2270 3709 2528 3774 praeconis
2551 3722 2680 3759 voce

1606 3790 2098 3855 pronunciarentur,
2120 3795 2277 3853 atque
2311 3786 2682 3836 ederentur-il·

1606 3867 1769 3915 lorum
1792 3865 1999 3914 nomina
2023 3863 2090 3912 ad
2105 3862 2231 3927 jure
2255 3868 2467 3911 vocatas
2491 3861 2680 3910 tribus'.

1607 3942 1795 3993 Cicero
1836 3955 1933 4006 pro
1970 3942 2209 3990 Muraena
2248 3953 2297 3988 c.
2325 3941 2373 3987 1.
2410 3938 2549 3989 ‘Illo
2570 3938 2677 4000 die,

1604 4033 1724 4083 quo,
1763 4018 2048 4081 auspicato,
2088 4015 2312 4065 comitiis
2346 4014 2680 4076 centuriatis,

1605 4095 1669 4142 L.
1704 4093 1995 4144 Muraenam
2033 4092 2298 4142 consulem
2339 4088 2679 4139 renunciaviss

1604 4169 1713 4219 Pro
1740 4171 1911 4219 Domo
1932 4173 2079 4219 (3.43.
2113 4167 2130 4196 ⁴
2146 4169 2310 4218 Posse
2335 4183 2411 4224 se,
2427 4168 2681 4216 interver-

1603 4260 1660 4295 sa
1704 4245 1977 4307 aedilitate,
2031 4259 2062 4293 a
2105 4244 2164 4294 1..
2208 4243 2401 4292 Pisone
2459 4244 2675 4293 consule

1608 4332 1885 4387 pratorem
1902 4320 2196 4374 renunciari
2212 4318 2245 4367 :'
2276 4320 2330 4368 iu
2351 4319 2511 4369 Verr.
2530 4333 2581 4367 v.
2602 4324 2681 4369 16.

1607 4407 1622 4431 ·
1639 4401 1772 4453 Cum
1796 4412 1936 4451 esses
1962 4406 2160 4465 praetor
2196 4397 2551 4455 renunciatus,
2575 4410 2676 4452 non
