2934 4925
462 352 639 420 ‘7752

1156 366 1373 416 NOTAE
1421 366 1825 417 VARIORUM
1878 366 1961 416 IN

467 513 624 565 clusit
644 510 827 562 fraude
865 510 1114 571 locorum,
1136 510 1387 576 Squalids
1410 524 1531 575 pro·
1592 508 1690 569 ,fici
1710 510 1863 572 ignes,
1884 508 2024 560 Flor.
2044 506 2195 559 Leid.
2214 511 2264 557 2.
2287 506 2440 559 Harl.
2461 511 2515 558 2.
2539 506 2666 558 Lov-

466 590 634 641 missis
655 589 742 654 qui
770 588 902 652 tegit
939 601 1029 637 ore
1052 586 1264 637 comis:’
1301 586 1387 637 nbi
1411 584 1531 636 vide

469 668 591 718 Nic.
611 665 899 716 Heinsinm.
947 663 1190 714 Albinov.
1227 662 1292 712 nd
1326 661 1531 711 Liviam

470 757 545 792 vs.
567 747 650 793 85.
670 743 687 770 ‘
705 741 959 804 Vidimus,
982 739 1277 791 adtonitum
1299 736 1533 799 fraterne

465 826 655 877 morte,
697 820 959 868 Neronem
997 815 1240 882 Squalidn
1282 815 1533 879 promissa

467 894 598 946 flere
619 909 715 958 per
737 909 831 945 ora
852 893 1033 945 coms?
1098 893 1352 944 Klockius
1375 907 1534 964 supra

467 972 569 1022 loc.
592 971 733 1022 laud.
756 978 814 1022 ut
835 973 852 1000 ‘
870 969 1102 1034 prolixus
1118 968 1134 992 '
1167 983 1230 1019 eo
1261 982 1416 1019 sensu
1444 983 1533 1019 ve-

467 1048 672 1098 teribus
694 1047 745 1098 in
769 1061 863 1096 usn
884 1044 1047 1096 fuisse
1066 1045 1335 1110 probaret,
1354 1045 1534 1095 landa·

472 1126 549 1175 vit
572 1125 675 1174 tris
706 1124 960 1188 exempla,
983 1123 1201 1187 primum
1236 1137 1301 1173 ex
1321 1121 1537 1172 Terent.

474 1201 670 1252 Hesut.
695 1214 762 1248 ιι.
787 1203 836 1248 8.
858 1202 941 1249 49.
965 1192 1244 1249 secundum
1264 1212 1329 1246 ex
1348 1189 1536 1260 Virgil.

472 1278 588 1327 Ecl.
619 1290 744 1327 vm.
768 1281 852 1326 88.
874 1276 1085 1325 tertium
1116 1290 1183 1325 ex
1207 1275 1406 1339 Nepot.
1430 1276 1536 1324 Ds-

474 1359 599 1402 ιιιιι.
624 1367 673 1402 c.
696 1356 745 1401 8.
812 1352 1006 1401 Verum
1040 1351 1180 1414 apud
1202 1349 1422 1400 Terent.
1445 1363 1538 1400 nn·

471 1443 570 1493 ,per
614 1427 839 1478 Bentlei.
908 1427 1121 1491 Capillus
1171 1440 1381 1490 sparsus,
1424 1441 1538 1489 pro·

476 1507 646 1555 missus
679 1502 954 1569 legendum
977 1517 1096 1553 esse
1112 1502 1311 1554 docuit.
1377 1501 1538 1565 Apud

477 1584 663 1647 Virgil.
694 1583 1018 1646 promissaque
1054 1580 1201 1629 barba
1238 1580 1290 1629 in
1327 1580 1539 1643 optimis

475 1659 786 1712 membranis
808 1665 1039 1712 exstare,
1063 1658 1181 1706 Nic.
1201 1656 1449 1706 Heinsius
1473 1655 1537 1705 sd

477 1735 656 1787 Ovidii
701 1736 872 1785 locum
905 1733 1169 1784 laudatum
1214 1739 1396 1783 auctor
1441 1740 1540 1782 εει.

477 1811 636 1876 Apud
674 1812 870 1874 Nepot.
900 1825 1024 1861 vero
1058 1810 1109 1859 in
1133 1809 1198 1858 V.
1223 1809 1287 1859 C.
1308 1808 1542 1873 barbaque

473 1896 583 1940 erat
620 1891 852 1955 promisso
894 1902 950 1938 se
993 1887 1270 1948 invenisse,
1311 1893 1542 1937 testatur

470 1966 659 2021 Gifsn.
676 1969 726 2017 in
749 1965 918 2018 Indic.
939 1967 1149 2015 anret.
1168 1964 1220 2013 in
1241 1979 1355 2015 voc.
1378 1968 1394 1993 ‘
1413 1965 1542 2014 Pro·

475 2041 658 2107 lixus,’
698 2043 854 2107 idque
893 2058 936 2106 a,
960 2041 1109 2091 libris
1146 2048 1203 2089 et
1240 2040 1543 2096 censoribus

481 2117 823 2182 adprobatum
859 2118 1099 2167 inlustrat
1122 2115 1186 2164 ad
1222 2130 1339 2165 eum
1375 2117 1542 2165 locum

482 2193 810 2243 Gebhardus.
888 2192 944 2241 Is
993 2191 1173 2252 etiam,
1212 2191 1305 2255 qui
1352 2190 1546 2254 Nepot-

485 2270 680 2321 Oxonii
726 2284 774 2319 a.
815 2272 961 2320 1697.
999 2267 1183 2329 edidit,
1226 2267 1302 2314 its
1347 2265 1401 2314 in
1442 2268 1546 2316 Ms.

481 2348 588 2411 legi
608 2354 790 2396 unctor
807 2351 905 2395 est.
954 2346 1144 2408 Neque
1161 2344 1314 2393 aliter
1331 2343 1546 2395 exhibet

482 2422 645 2474 editio
681 2421 978 2487 Trsjectina
1019 2423 1165 2471 1542.
1213 2419 1350 2477 Vide,
1388 2421 1543 2471 etiam

483 2515 601 2564 qnae
646 2513 813 2562 nuper
858 2512 955 2546 van
999 2499 1253 2546 staveren
1298 2497 1364 2545 nd
1409 2497 1469 2546 d.
1512 2498 1547 2548 l.

486 2575 683 2637 Nepot-
716 2573 934 2625 notavit.
1006 2572 1086 2620 De
1109 2571 1267 2621 verbo
1291 2570 1309 2599 ‘
1327 2572 1546 2634 promit·

485 2650 617 2701 tere'
639 2651 737 2702 hoc
761 2665 914 2699 sensu
928 2648 1047 2705 vide
1064 2650 1223 2707 etiam
1241 2648 1361 2698 Nic.
1381 2649 1547 2700 Heiu-

486 2727 618 2776 sium
653 2727 716 2776 ad
753 2727 868 2776 Silii
903 2740 995 2778 111.
1025 2728 1140 2775 584.
1199 2726 1403 2775 Deinde
1435 2741 1548 2790 pro-

445 2816 453 2823 *
483 2803 708 2853 mulcenti
751 2803 973 2854 Gaertn.
1041 2802 1239 2852 Eadem
1296 2802 1549 2853 varietate

484 2882 846 2944 Promeae-etque
877 2895 1051 2942 comas,
1073 2894 1169 2944 pro
1192 2880 1549 2943 Pmulcetque

482 2974 603 3008 cont.
646 2959 700 3010 in
733 2957 887 3008 codd.
954 2956 1135 3007 Ovidii
1173 2956 1415 3020 inveniri,
1449 2957 1549 3006 viri

485 3034 631 3085 docti
652 3034 993 3085 observarunt
1016 3033 1081 3084 sd
1107 3034 1326 3082 Metam.
1345 3047 1408 3083 ιι.
1430 3038 1547 3085 738.

488 3111 609 3160 Vel.
649 3111 794 3160 Max.
838 3124 925 3160 ιιι.
966 3114 1019 3160 2.
1064 3125 1149 3159 ex.
1191 3114 1241 3159 7.
1286 3108 1301 3135 ‘
1320 3109 1549 3160 Barbam

485 3201 629 3236 suam
673 3188 1014 3251 permulcenti
1054 3187 1211 3237 Gallo
1264 3186 1549 3249 scipionem

488 3263 784 3313 vehementi
805 3265 913 3313 ictu
938 3263 1101 3326 capiti
1131 3260 1359 3312 inflixit:
1423 3263 1551 3312 Plu·

488 3339 701 3390 tarchus
720 3340 772 3389 id
798 3341 1042 3404 exprimit
1064 3340 1118 3388 in
1135 3341 1338 3390 Cannill.
1361 3355 1414 3404 p.
1438 3345 1552 3392 140.

486 3417 810 3480 προσαγαγὼν
827 3417 920 3477 τὴν
946 3418 1085 3480 χεῖρα
1112 3413 1270 3480 πρᾴως
1289 3415 1444 3480 ἥψατο
1462 3419 1553 3466 τοῦ

484 3488 689 3557 γενείου,
713 3492 792 3543 καὶ
817 3495 1001 3554 κατῆγε
1035 3493 1130 3551 τὴν
1149 3491 1327 3552 ὑπήνην
1356 3496 1554 3550 βαθεῖαν

485 3569 650 3623 οὖσαν.
696 3570 834 3621 Vide
857 3571 1017 3619 etiam
1035 3570 1225 3620 Zonnr.
1240 3568 1551 3622 Annsl.vn.

485 3653 568 3700 28.
638 3648 769 3700 Mox
785 3648 992 3713 cepione,
1017 3662 1112 3713 pro
1131 3647 1359 3711 scipione,
1380 3656 1464 3700 est
1497 3652 1551 3700 in

487 3727 618 3776 Lov.
641 3730 692 3775 4.

489 3848 496 3855 .
547 3804 650 3864 §1⁰
662 3803 788 3852 Post
804 3802 1075 3866 principum
1092 3802 1267 3851 coedem
1281 3800 1405 3851 nulli
1417 3802 1550 3852 dein·

485 3880 543 3926 de
577 3879 850 3931 mortalium
882 3876 1042 3941 parci]
1074 3878 1228 3927 Prius
1256 3877 1551 3940 principium

484 3954 657 4002 coedem
691 3953 840 4002 Hav.
877 3954 1170 4017 principium
1208 3954 1363 4003 etiam
1393 3954 1547 4003 Voss.

488 4032 536 4077 1.
560 4043 591 4076 a
609 4043 678 4076 m.
700 4042 781 4091 pr.
805 4029 934 4092 Lov.
957 4033 1007 4080 2.
1030 4036 1086 4080 ει
1108 4030 1236 4080 Lov.
1254 4035 1305 4080 5.
1327 4044 1358 4079 a
1381 4045 1450 4079 m.
1470 4044 1549 4095 pr.

486 4103 595 4155 Sed
629 4103 748 4152 vide
782 4104 851 4152 ad
885 4119 950 4154 ιι.
973 4110 1055 4156 27.
1077 4108 1106 4171 ξ
1128 4111 1209 4157 12.
1274 4107 1551 4158 Praeterea

486 4179 608 4228 nulli
628 4180 1078 4231 deinde-mortalium
1094 4184 1226 4245 parti
1249 4183 1398 4234 Harl.
1417 4187 1467 4231 2.
1490 4191 1549 4234 ει

488 4257 625 4308 Hav.
689 4259 877 4311 Paullo
902 4265 1022 4324 post
1033 4259 1158 4316 *inici
1177 4261 1331 4325 ignes,
1352 4275 1450 4326 pro
1472 4261 1548 4309 in-

1606 591 1656 635 5.
1679 593 1734 636 ει
1767 584 1951 649 fragm.
1986 584 2123 634 Hav.
2190 584 2326 634 Vide
2350 584 2418 633 ad
2445 597 2510 633 ιι.
2538 589 2615 633 10.
2638 587 2668 647 §

1606 667 1657 713 9.
1688 663 1881 714 awti
1895 661 2013 714 inici
2032 662 2172 724 ignes
2195 662 2320 711 Lov-
2340 663 2391 711 2.
2424 661 2672 710 extentis
2698 664 2709 672 ‘

1606 738 1751 789 inciti
1769 740 1909 801 ignes
1931 739 2058 788 Lov.
2081 742 2129 787 8.
2169 737 2413 787 exhaustis
2434 736 2576 785 initii
2595 736 2673 798 ig-

1606 830 1692 866 nes
1716 814 1862 866 Leid.
1887 819 1937 864 1.
1970 823 2028 865 et
2063 816 2186 865 Lov.
2213 818 2263 863 3.
2311 814 2566 864 exhaustis
2597 812 2674 862 in-

1606 894 1772 956 signes
1791 892 1946 944 Harl.
1963 896 2012 942 1.
2362 934 2369 942 .

1674 971 1812 1022 Cu».
1836 982 1975 1019 xnu.
2001 970 2030 1033 ξ
2052 971 2078 1016 1
2106 967 2204 1017 Seu
2233 982 2327 1017 ιιοιι
2358 965 2577 1015 omnibus
2595 967 2680 1016 de-

1609 1047 1737 1097 lendi
1762 1046 1937 1097 Urbem
1956 1046 2101 1095 libido
2122 1045 2250 1109 erat]
2290 1043 2430 1092 Huic
2463 1049 2678 1094 senten-

1612 1123 1701 1173 tiae
1724 1122 1850 1172 nihil
1873 1122 2039 1173 deest.
2100 1122 2204 1170 Sed
2230 1120 2352 1186 quia
2378 1120 2481 1168 Ms.
2505 1119 2680 1169 codex

1611 1200 1768 1252 babet
1787 1201 2018 1264 delendae,
2048 1200 2203 1263 piane
2237 1196 2395 1247 credo
2420 1196 2679 1262 script-uin

1613 1293 1644 1327 ιι
1662 1278 1807 1328 Livio
1825 1277 1987 1327 fuisse
2006 1278 2216 1327 delenda
2240 1274 2372 1323 urbis
2394 1275 2541 1322 libido
2556 1278 2683 1323 erat.

1582 1381 1591 1396 ι
1616 1354 1751 1404 Nam
1775 1352 2066 1417 hujusmodi
2091 1350 2413 1401 constructio
2436 1350 2682 1412 gerundii

1613 1431 1666 1480 in
1706 1432 1758 1481 di
1798 1431 1971 1481 doctis
2012 1444 2116 1479 non
2161 1436 2246 1478 est
2289 1428 2484 1488 ignota.
2520 1425 2687 1476 Rhea.

1619 1508 1917 1573 Legendum
1955 1509 2166 1557 delendoe
2194 1504 2348 1563 urbis,
2386 1511 2446 1552 ut
2481 1503 2685 1554 habent

1617 1585 1747 1634 Pau.
1787 1585 1890 1636 duo
1925 1584 2112 1647 optimi
2154 1581 2310 1631 codd.
2363 1580 2520 1630 Gebh.
2583 1580 2684 1629 Su-

1613 1674 1930 1726 pervacuum
1951 1659 2012 1709 τδ
2033 1658 2267 1709 omnibus.
2325 1658 2517 1721 Neque
2541 1656 2686 1705 enim

1615 1753 1746 1801 opus
1784 1746 1896 1787 erat
1932 1736 2165 1787 omnibus
2205 1749 2318 1785 eam
2360 1735 2687 1783 voluntatem

1617 1828 1764 1863 essex
1799 1813 1915 1862 fieri
1958 1818 2167 1875 poterat
2207 1809 2484 1874 permultis
2520 1808 2688 1872 conji-

1614 1891 1873 1941 cientibus
1905 1892 2077 1954 ignem
2112 1898 2166 1940 ει
2192 1888 2556 1940 vastantibus:
2595 1890 2688 1937 de-

1617 1969 1774 2031 nique
1805 1982 1983 2031 pnncae
2022 1981 2202 2026 manus
2225 1965 2290 2015 ad
2325 1966 2425 2014 hoc
2459 1963 2687 2016 sufficie-

1621 2045 1765 2094 bant.
1819 2044 2119 2105 Rhenanus,
2141 2043 2261 2107 quia
2287 2042 2336 2091 in
2360 2042 2585 2091 Borbet.
2609 2044 2690 2092 de-

1618 2123 1785 2182 lendoe,
1807 2120 2101 2183 suspicatur
2121 2119 2326 2169 delendoe
2349 2117 2486 2166 urbis
2507 2119 2689 2181 legen-

1618 2196 1762 2246 dum.
1797 2195 2225 2245 Voss.l.deindeu
2240 2194 2459 2249 rbem,et
2476 2195 2528 2241 in
2554 2209 2689 2244 mer·

1618 2275 1742 2337 gine
1760 2274 1976 2323 delende.
2041 2271 2147 2321 Sed
2174 2272 2361 2335 ipsum.
2382 2270 2521 2334 quod
2553 2271 2690 2320 Rbe-

1621 2364 1780 2399 nanus
1812 2351 2128 2413 suspicatur,
2152 2349 2205 2398 in
2229 2348 2485 2399 vossiano
2518 2348 2691 2404 altero

1622 2434 1722 2490 est,
1761 2432 1817 2477 et
1864 2425 1996 2477 binis
2032 2425 2168 2475 Pan.
2214 2424 2525 2475 melioribus.
2600 2424 2692 2474 Sic

1621 2518 1825 2568 quoqne
1869 2511 2045 2553 temen
2079 2501 2382 2565 adjumento
2419 2508 2500 2549 est
2537 2515 2693 2563 opus·

1622 2580 1809 2630 Scribe
1851 2595 1936 2629 seu
1966 2593 2072 2637 ‚non
2109 2577 2267 2626 omnis
2303 2578 2516 2626 delendoe
2557 2574 2698 2625 urbis

1620 2657 1770 2706 libido
1801 2662 1925 2706 erat.
1991 2656 2095 2704 Seu
2135 2662 2334 2703 temere
2368 2651 2595 2715 factum,
2634 2660 2695 2702 ut

1623 2748 1723 2783 nou
1773 2734 1952 2798 utique
2003 2739 2164 2781 ιοιιιιιι
2220 2729 2418 2780 Urbem
2469 2727 2694 2779 subver-

1623 2825 1732 2859 sam
1769 2811 1989 2859 vellent.
2053 2808 2140 2858 Sic
2164 2821 2244 2858 vl.
2263 2810 2314 2857 2.
2337 2805 2352 2832 ‘
2374 2805 2531 2858 Quod
2570 2819 2696 2869 pro-

1624 2901 1692 2952 pe
1726 2901 1926 2936 omnem
1971 2886 2194 2936 deletam
2233 2899 2266 2933 a
2296 2883 2460 2932 Gallis
2500 2874 2697 2931 Roma-

1600 2961 1742 3013 'nam
1758 2965 2094 3027 juventutem
2117 2959 2436 3010 crederent.'
2490 2973 2593 3008 vn.
2610 2963 2695 3009 85.

1622 3041 1639 3069 ‘
1658 3042 1788 3091 Cum
1821 3055 1883 3090 eo
1914 3041 2063 3090 hoste
2096 3052 2177 3087 res
2203 3044 2303 3091 est,
2323 3037 2411 3101 qni
2442 3036 2697 3085 hesterno

1626 3115 1712 3166 die
1735 3115 1943 3166 delendi
1980 3114 2142 3164 omnis
2167 3112 2436 3163 exercitus
2474 3109 2697 3161 fortuna

1625 3205 1722 3255 per
1760 3190 2047 3241 socordiam
2086 3202 2208 3238 usus
2254 3202 2358 3237 non
2395 3185 2504 3237 sit.’
2544 3188 2604 3235 J.
2629 3187 2697 3235 F.

1631 3270 1785 3318 Gron.
1836 3266 2044 3317 Delendi
2063 3266 2224 3315 urbem
2241 3270 2454 3314 servant
2475 3277 2544 3311 ex
2565 3264 2697 3313 meis

1629 3343 1753 3392 Lov.
1780 3347 1828 3391 1.
1849 3346 1900 3391 4.
1922 3348 1970 3392 5.
1992 3341 2143 3390 Harl.
2162 3345 2210 3389 2.
2238 3340 2381 3389 Leid.
2401 3344 2452 3388 2.
2471 3341 2699 3391 Gaertn.

1627 3418 1778 3469 Port.
1802 3418 1939 3467 Hsv.
1969 3424 2025 3467 et
2051 3416 2269 3466 Hearnii
2296 3416 2473 3466 Oxon.
2497 3416 2560 3466 C.
2586 3418 2696 3482 qni,

1626 3510 1781 3560 quam
1802 3497 2081 3545 lectionem
2110 3495 2291 3559 reliqui
2319 3494 2473 3543 codd.
2496 3496 2696 3546 habue-

1628 3572 1749 3628 rint,
1770 3586 1868 3621 non
1886 3571 2212 3622 memoravit.
2264 3571 2498 3620 Delendoe
2516 3572 2700 3635 urbem,

1625 3648 1766 3697 Flor.
1786 3648 1931 3699 Leid-
1956 3653 2002 3698 1.
2025 3653 2083 3697 et
2098 3646 2283 3710 fragm.
2305 3647 2446 3696 Htw.
2481 3649 2697 3698 delendoe

1625 3725 1772 3782 urbis,
1818 3730 1877 3774 ιιι
1921 3724 2198 3773 Rhenanus
2246 3723 2424 3784 voluit,
2467 3730 2529 3773 et
2588 3730 2698 3774 tres

1626 3800 1779 3853 codd.
1803 3801 1942 3863 apud
1965 3801 2283 3851 Gronovinm
2304 3800 2579 3864 exhibent,
2602 3800 2698 3850 eti-

1624 3891 1706 3928 am
1742 3891 1971 3928 meorum
2014 3876 2142 3926 Lov.
2175 3880 2227 3926 2.
2262 3877 2314 3924 8.
2356 3882 2412 3924 ει
2450 3875 2610 3926 Harl.
2647 3880 2697 3927 1.

1621 3953 1835 4003 delendoe
1864 3952 1997 4002 urbis
2036 3957 2211 4001 autem
2248 3950 2446 4001 dictum
2490 3958 2595 4016 εει,
2633 3959 2696 4002 ιιι

1623 4031 1686 4079 ad
1705 4031 1946 4080 &leudam
1965 4029 2124 4078 urbem
2147 4029 2241 4078 boc
2267 4028 2357 4077 lib.
2374 4043 2421 4077 c.
2442 4033 2528 4078 21.
2546 4033 2563 4059 ⁶
2582 4030 2695 4081 Tuo

1625 4104 1805 4169 ductu,
1818 4107 2011 4171 iuquit,
2028 4105 2252 4169 Pythice
2268 4105 2475 4169 Apollo,
2493 4114 2693 4171 tuoque

1626 4183 1835 4232 numine
1858 4183 2130 4231 instinctus
2152 4195 2314 4244 pergo
2332 4182 2397 4231 ad
2412 4181 2692 4235 delendam

1624 4259 1804 4311 urbem
1846 4257 2038 4310 Veios.’
2104 4257 2226 4329 ‘Ad
2262 4248 2567 4309 diruendam
2605 4274 2690 4309 ur-
