2934 4925
482 411 658 478 7816

551 574 580 637 ξ
612 575 643 621 5
679 570 906 624 Forsitan
944 568 1118 634 aliquis
1168 569 1323 633 dicat]
1390 567 1542 619 Dicat

486 650 664 711 uliquis
688 649 811 700 Lov.
829 652 879 697 2.
931 649 1106 711 aliquis
1142 646 1262 696 dicit
1296 645 1450 695 Voss.
1488 648 1541 696 2.

477 733 543 774 et
567 726 693 774 Lov-
714 729 763 773 3.
826 724 926 774 Sed
965 732 1107 775 recte
1143 722 1327 787 reliqui
1362 721 1539 783 vulga·

488 809 597 852 tum
643 807 872 852 servant.
956 800 1158 850 Passim
1192 799 1328 848 enirn
1357 797 1539 861 optimi

490 877 775 941 scriptores
806 876 1025 934 forsitam
1068 879 1380 924 construunt
1419 887 1539 922 cum

487 952 840 1016 subjunctivo.
925 952 1145 1001 Petron.
1185 951 1239 1001 in
1276 950 1449 1012 Satyr.
1491 962 1539 998 c.

489 1036 601 1082 130.
632 1030 905 1079 ‘Forsitan
952 1031 1149 1079 animus
1195 1028 1541 1078 antecesserit

484 1107 719 1170 corporis
738 1121 931 1158 moram
948 1104 984 1156 ε’
1016 1104 1105 1155 ubi
1121 1105 1239 1155 vide
1257 1104 1540 1155 Burmann.

481 1190 542 1234 et
580 1184 702 1233 Nic.
741 1182 1011 1233 Heinsium
1046 1182 1112 1233 ad
1143 1182 1346 1232 Nason.
1372 1181 1543 1244 Epist.

475 1260 708 1312 Heroid.
743 1273 821 1310 ιν.
845 1263 926 1309 68.
961 1264 1016 1308 et
1064 1257 1139 1307 ita
1168 1258 1343 1318 sorana
1382 1257 1541 1308 etiam

484 1351 577 1387 ιιι.
616 1340 698 1386 47.
734 1338 750 1365 ‘
782 1337 948 1388 Quem
991 1334 1210 1384 decreto
1250 1347 1540 1384 sermonem

480 1413 845 1482 praetenderit,
893 1411 1073 1462 forsan
1099 1411 1327 1475 *aliquem
1361 1424 1540 1460 verum

484 1498 728 1541 auctores
778 1489 979 1553 antiqui
1035 1486 1377 1537 tradiderintz
1398 1531 1404 1538 .
1400 1485 1541 1537 ’ubi

481 1567 640 1616 etiam
664 1568 797 1616 male
821 1564 1027 1631 quidam
1051 1564 1201 1615 codd.
1225 1564 1541 1615 tradiderunt.

484 1642 635 1695 Infra
660 1657 741 1693 tx.
756 1647 808 1691 9.
840 1645 855 1672 ⁶
881 1643 967 1692 Ne
991 1641 1116 1691 illud
1143 1641 1371 1704 quidem,
1402 1640 1540 1704 qnod

481 1719 727 1783 quosdam
748 1718 963 1767 forsitan
984 1723 1207 1774 moveat,
1232 1715 1451 1767 refert-⁹
1486 1722 1544 1767 et

480 1797 569 1845 hic
590 1797 747 1846 etiam
772 1810 901 1845 unns
923 1803 980 1845 et
1007 1795 1140 1844 alter
1156 1800 1328 1844 movet.
1376 1807 1541 1844 xxxr.

481 1877 567 1924 31.
601 1872 872 1922 ‘Forsitan
915 1871 1121 1936 dicatis,
1157 1871 1297 1922 bello
1336 1870 1541 1922 Punico

479 1951 747 2013 occupatis
763 1948 954 2012 nobis,’
974 1950 1070 1999 διο.

549 2027 652 2079 Aac
682 2028 817 2078 Veiis
847 2044 904 2078 ea
940 2043 1027 2078 uos
1056 2026 1297 2089 facturos,
1329 2031 1413 2077 aut
1445 2027 1540 2077 huc

480 2103 593 2153 iude
623 2105 849 2154 missuros
878 2104 1143 2154 sacerdotes
1175 2103 1385 2167 nostros]
1423 2103 1539 2166 Ego

479 2180 797 2243 ejiciendum
834 2194 1024 2230 censeo
1054 2179 1113 2228 τὸ
1148 2195 1222 2236 eo,
1269 2179 1388 2243 quis
1420 2178 1438 2206 ‘
1462 2177 1539 2229 fa-

479 2270 607 2305 cere
635 2255 650 2279 '
720 2270 815 2319 pro
869 2254 1160 2306 sacrificare
1216 2254 1337 2319 poni
1387 2254 1537 2306 solet.

479 2334 658 2383 Klock.
723 2335 740 2360 ⁵
760 2334 956 2383 Facere
971 2332 988 2357 ’
1006 2347 1099 2396 pro
1121 2332 1416 2383 sacrificare
1438 2347 1538 2384 sae·

481 2410 597 2473 pius
620 2409 742 2474 poni
764 2411 918 2459 solet.
979 2408 1117 2458 Vide
1138 2407 1204 2458 ad
1239 2420 1462 2460 xxxvn.
1486 2413 1536 2462 ³.

480 2488 578 2551 §6.
647 2486 769 2536 Non
810 2493 985 2536 tamen
1021 2491 1303 2550 propterea
1337 2486 1538 2537 locutio

475 2565 595 2614 liaec
629 2564 818 2628 ubique
853 2564 1034 2615 invitis
1067 2562 1407 2627 scriptoribus
1442 2563 1534 2614 ob.-

475 2641 757 2704 trudenda,
771 2649 881 2705 ant,
897 2640 986 2705 qui
1004 2648 1019 2669 ‘
1037 2654 1185 2690 sacra
1196 2639 1369 2692 facere
1385 2639 1401 2664 ’
1421 2639 1537 2690 dix.

475 2717 543 2780 it,
564 2732 812 2782 peccasse
830 2719 884 2768 in
901 2719 1129 2783 liugnam
1151 2717 1390 2767 Latinam
1414 2732 1534 2768 ceu·

475 2792 667 2844 sendus
704 2801 802 2845 est.
867 2793 1004 2844 Nam
1049 2794 1127 2843 ita
1166 2795 1281 2844 Cic.
1303 2793 1536 2859 loquitur

478 2870 634 2921 Orat.
670 2884 767 2936 pro
805 2870 974 2920 Balbo
1010 2885 1057 2920 c.
1091 2873 1175 2919 24.
1205 2869 1403 2931 ‘Sacra
1429 2882 1533 2932 ,pro

476 2946 679 2996 civibus
700 2947 865 2997 civem
884 2945 1058 2997 facere
1076 2946 1387 2996 voluerunt.’
1420 2947 1536 2996 Liv.

471 3036 516 3072 ι.
538 3028 587 3073 7.
619 3025 637 3052 ⁴
653 3023 737 3072 Ibi
766 3033 877 3074 tum
901 3038 1104 3075 sacrum
1127 3023 1367 3088 Herculi,
1386 3024 1533 3074 adhi-

471 3099 601 3149 ·bitis
621 3098 687 3149 ad
720 3099 1390 3165 ministerium·dapemque
1426 3101 1531 3150 Po-

476 3174 609 3225 titiis
627 3189 688 3224 ac
703 3176 950 3238 Pinariis,
967 3174 1196 3226 factum-⁹
1229 3177 1301 3225 Et
1326 3177 1399 3226 ita
1417 3178 1433 3205 ‘
1453 3174 1531 3226 fa-

473 3265 598 3301 cere
617 3251 844 3301 divinum
861 3252 876 3275 '
912 3266 1037 3302 v111.
1058 3257 1136 3301 10.
1168 3255 1184 3282 ‘
1206 3252 1279 3302 Ni
1300 3253 1532 3318 moritur,

473 3342 645 3393 neque
686 3343 855 3393 suum,
896 3344 1064 3395 neque
1105 3329 1363 3394 publicum
1400 3331 1531 3380 divi-

472 3420 594 3455 num
616 3420 744 3470 pure
766 3404 950 3468 faciet,
965 3406 1053 3470 qui
1075 3420 1190 3456 sese
1212 3405 1481 3457 devoverit
1499 3407 1533 3455 ε’

471 3488 487 3511 ·
508 3478 683 3532 facere
708 3481 968 3546 piaculum
988 3481 1002 3504 '
1033 3481 1160 3531 ibid.
1220 3483 1380 3532 ‘Telo
1412 3484 1530 3533 lios-

449 3565 579 3625 ,tem
616 3559 771 3623 potiri
809 3557 890 3608 fas
928 3573 1030 3609 nou
1064 3565 1177 3621 est3
1212 3560 1256 3609 si
1280 3561 1531 3624 potiatur,

470 3636 638 3685 Marti
651 3636 1083 3685 suovetaurilibus
1099 3637 1354 3700 piaculum
1364 3636 1479 3687 fleri
1496 3638 1531 3688 ι’

469 3711 681 3762 “facere
706 3726 813 3762 rem
836 3711 1058 3761 divinam
1074 3711 1089 3733 '
1124 3713 1302 3763 Plaut.
1318 3714 1370 3763 iu
1398 3715 1529 3765 Cur·

469 3789 572 3837 cul.
594 3802 669 3838 tv.
693 3792 806 3840 4.2.
826 3790 842 3817 ‘
863 3789 1144 3853 Postquam
1170 3803 1276 3840 rem
1300 3789 1526 3840 divinam

467 3863 751 3925 feci‚venit
768 3867 820 3915 in
837 3873 1062 3917 mentem
1082 3866 1236 3916 mihi:
1269 3867 1373 3919 Qui
1400 3868 1526 3918 alibi

465 3940 633 3989 etiam
673 3942 748 3991 ita
792 3943 994 3993 locutus
1039 3950 1135 3993 est.
1200 3943 1273 3993 Et
1316 3943 1524 4010 quidem

471 4022 621 4066 tanto
641 4018 805 4066 minus
823 4033 958 4068 nunc
978 4019 1205 4070 Klockio
1229 4015 1524 4071 adsentien'-

469 4092 610 4156 dum,
630 4094 767 4158 quod
790 4109 966 4145 omues
982 4097 1206 4147 codd.rb
1226 4113 1281 4148 ea
1297 4104 1525 4162 servent,

468 4170 700 4234 quamvis
735 4177 907 4220 tamen
928 4172 1137 4235 quidam
1156 4189 1337 4238 parum
1371 4175 1423 4225 in
1460 4191 1524 4227 ea

465 4258 595 4294 voce
618 4247 922 4297 erraverint.
986 4248 1124 4298 Nam
1161 4248 1300 4300 'Veiis
1332 4266 1412 4302 eas
1437 4268 1524 4303 uos

459 4320 679 4382 facturos
715 4322 870 4374 babet
904 4323 1060 4375 Voss.
1083 4329 1132 4374 2.
1196 4325 1266 4376 Ve
1286 4342 1337 4378 se
1356 4342 1419 4378 au
1438 4342 1524 4379 nos

1173 424 1392 475 No‘rAE
1441 422 1846 473 vammum
1895 423 1976 472 IN

1604 566 1830 628 facturos
1853 564 2001 616 Harl.
2022 569 2070 615 1.
2096 564 2185 615 ubi
2208 563 2389 615 ultima
2407 564 2563 615 litera
2584 565 2673 614 τοῦ

1612 659 1677 693 un
1713 644 1932 693 adhesit
1970 657 2035 692 ex
2081 641 2338 706 principio
2376 643 2514 691 vocis
2560 657 2672 705 seq.

1615 722 1827 785 reliquae
1843 722 2011 772 literoe
2026 718 2303 770 manifesta
2321 719 2544 783 vestigia
2563 720 2672 774 vul·

1615 804 1752 863 gato
1785 798 2055 861 scripturae
2092 802 2319 847 servant.
2396 796 2675 848 Praeterea

1612 891 1669 926 ea
1690 890 1775 926 uos
1802 875 1935 925 Veiis
1953 875 2177 935 facturos
2205 874 2323 923 edd.
2349 873 2540 924 Aldina
2566 873 2675 937 pri-

1612 966 1752 1002 ores.
1828 952 1954 1002 Veiis
1989 966 2046 1000 ea
2064 951 2285 1010 facturos
2317 965 2405 997 nos
2440 948 2592 1000 Harl.
2628 954 2679 998 2.

1613 1028 1765 1078 Port.
1788 1033 1843 1078 et
1873 1027 2010 1077 Hav.
2077 1028 2279 1077 Deinde
2320 1027 2447 1075 huc·
2429 1027 2676 1075 missam

1615 1104 1743 1156 ιον.
1764 1109 1815 1153 5.
1866 1105 1956 1154 hac
1981 1104 2269 1153 missuros
2301 1102 2453 1151 Harl.
2477 1105 2530 1151 2.
2584 1102 2675 1152 huc

1610 1182 1895 1232 inmissum
1913 1181 2067 1231 Port.
2131 1179 2235 1229 Sed
2268 1181 2486 1244 quisque
2512 1178 2676 1242 videt,

1615 1271 1844 1308 errorem
1879 1272 1909 1306 a
1941 1255 2169 1306 librariis
2188 1254 2521 1303 commissum
2543 1269 2675 1317 esse,

1616 1335 1755 1397 quod
1780 1336 2032 1398 scriptum
2054 1331 2227 1382 fuerat
2244 1333 2335 1381 huc
2354 1333 2409 1381 ἰῆ
2428 1333 2674 1382 missuros.

1613 1410 1777 1461 Plura
1800 1411 1952 1476 hujus
1986 1409 2177 1460 erroris
2199 1410 2443 1472 exempla
2466 1410 2587 1457 vide
2612 1409 2676 1458 ad

1602 1489 1680 1538 ‘x.
1698 1494 1781 1539 20.
1803 1491 1833 1553 §
1852 1494 1917 1539 0.
1939 1488 2176 1552 Denique
2197 1487 2260 1535 τὰ
2277 1488 2551 1537 sacerdotes
2570 1501 2677 1535 nos-

1615 1571 1718 1616 tros
1738 1566 2021 1616 deficiunt
2008 1580 2060 1614 in
2083 1564 2234 1614 Harl.
2256 1568 2300 1613 l.

1681 1645 1711 1708 ξ
1743 1647 1777 1693 0
1811 1643 1946 1692 Num
1979 1641 2116 1704 alibi,
2149 1656 2284 1705 quam
2317 1642 2371 1688 in
2411 1638 2680 1703 Capitolio]

1614 1720 1732 1770 Non
1751 1718 2221 1783 alibi,quaneid.
2241 1722 2311 1767 2.
2327 1717 2461 1766 Lov.
2485 1721 2534 1766 1.
2554 1721 2604 1766 2.
2615 1720 2675 1766 4.

1613 1800 1665 1847 6.
1702 1795 1855 1845 Harl.
1877 1799 1928 1845 2.
1961 1794 2111 1844 Port.
2141 1803 2195 1842 et
2230 1793 2367 1842 Hav.
2433 1792 2576 1841 Vide
2611 1792 2676 1841 ad

1613 1884 1816 1923 xxxvl.
1838 1876 1889 1922 3.
1909 1873 1935 1937 §
1954 1874 2035 1920 10.
2099 1870 2260 1919 Totus
2279 1877 2454 1918 autem
2480 1868 2565 1917 bic
2584 1870 2613 1931 ξ
2629 1873 2678 1917 0.

1613 1949 1955 2001 omittebatur
1994 1947 2045 1996 in
2088 1946 2239 1997 Harl.
2274 1949 2322 1994 1.
2357 1945 2474 1995 sine
2516 1944 2677 1993 dubio

1611 2026 1805 2077 librarii
1842 2027 2015 2089 culpa.
2088 2024 2334 2074 Ceterum
2365 2021 2676 2086 Do'ujatius,

1612 2105 1825 2169 epulum
1862 2102 2012 2156 Jovis
2048 2114 2337 2167 exponens,
2384 2099 2679 2149 triumviro·

1613 2196 1726 2231 rum
1785 2195 1846 2239 ac
1901 2178 2336 2242 septemvir-orum
2393 2177 2676 2242 epulonum

1610 2258 1926 2309 mentionem
1961 2247 2202 2305 faciendo
2236 2268 2337 2303 non
2372 2253 2675 2304 adtendisse

1606 2334 1843 2391 uidetur,
1863 2348 1952 2384 eos
1972 2332 2094 2382 buic
2115 2337 2218 2380 tem
2227 2330 2343 2394 pori,
2358 2345 2461 2380 non
2488 2344 2680 2379 conve·

1611 2410 1745 2462 nire.
1810 2411 1947 2462 Nam
1987 2410 2244 2462 triumviri
2271 2410 2529 2476 epulones
2568 2410 2674 2476 pri-

1610 2503 1750 2539 mum
1788 2487 1914 2540 facti
1950 2498 2304 2539 memorantur
2344 2502 2564 2539 xxxnr.
2590 2493 2673 2538 42.

1610 2566 1828 2616 ‘Romae
1872 2580 1935 2617 eo
1978 2567 2198 2630 primum
2238 2579 2373 2616 anno
2410 2567 2673 2615 triumviri

1608 2644 1858 2709 epulones
1896 2641 2025 2693 facti
2066 2644 2126 2694 C.
2156 2642 2384 2692 Licinius
2423 2642 2672 2692 Lucullus

1609 2712 1868 2777 tribunus,
1890 2721 1980 2787 qui
2015 2722 2185 2786 legem
2209 2720 2278 2769 de
2314 2720 2559 2779 creandis
2591 2722 2671 2770 his

1610 2797 1826 2859 tulerat,
1862 2798 1928 2847 P.
1972 2795 2201 2845 Manlius
2245 2802 2302 2846 et
2335 2795 2402 2845 P.
2447 2797 2670 2846 Porcius

1606 2876 1792 2925 Laeca:
1812 2876 1893 2925 liis
1914 2872 2217 2932 triumviris,
2230 2873 2434 2924 item-ut
2458 2875 2672 2938 pontifi·

1604 2952 1775 3015 cibus,
1819 2952 1936 3015 lege
1980 2952 2161 3001 datum
2206 2958 2668 3014 togae-praetexta

1604 3027 1859 3078 babendae
1885 3027 2011 3092 jus-⁹
2063 3027 2219 3077 'Ante
2255 3043 2345 3077 eos
2380 3029 2670 3087 institutos,

1606 3103 1843 3170 adeoque
1858 3106 1956 3156 boc
1968 3112 2223 3170 tempore,
2236 3105 2312 3167 id,
2327 3106 2467 3170 quod
2489 3115 2669 3170 postea

1603 3179 1671 3229 ad
1710 3181 2093 3231 triumvirorum
2132 3173 2666 3244 acffleptemvirorum
2724 3201 2727 3204 ’

1604 3261 1882 3324 epulonum
1902 3273 2083 3309 munus
2103 3259 2381 3323 pertinuit,
2401 3273 2435 3307 a
2460 3260 2668 3322 pontifi·

1605 3338 1749 3388 cibus
1790 3346 2058 3402 peractum
2091 3344 2197 3401 est,
2235 3345 2374 3388 teste
2414 3339 2534 3389 Cic.
2598 3340 2666 3389 de

1604 3414 1758 3466 Orat.
1780 3415 1817 3464 1.
1836 3429 1901 3464 ιι.
1922 3430 1970 3465 c.
1993 3419 2072 3464 19.
2108 3421 2123 3443 ‘
2146 3413 2438 3465 Pontifices
2459 3423 2665 3466 veteres

1606 3496 1822 3555 propter
1865 3490 2235 3542 sacrificiorum
2272 3491 2666 3542 multitudinem

1605 3568 1856 3617 tresviros
1908 3569 2158 3633 epulones
2207 3581 2324 3617 esse
2366 3566 2667 3633 voluerunt,

1604 3659 1761 3707 quum
1782 3651 1962 3695 essent
1990 3644 2089 3709 ipsi
2125 3660 2155 3694 a
2178 3645 2375 3707 Numa,
2409 3651 2474 3694 ut
2507 3646 2666 3695 etiam

1604 3719 1730 3769 illud
1751 3718 1987 3770 ludoinm
2011 3720 2227 3784 epulare
2248 3720 2568 3772 sacrificium
2589 3720 2665 3771 fa-

1601 3806 1804 3860 cerem,
1828 3797 2087 3848 iustituti.’
2151 3798 2338 3848 Paullo
2369 3806 2500 3849 ante
2519 3812 2666 3862 geue

1598 3873 1773 3931 ratius,
1800 3888 1894 3937 pro
1912 3875 2198 3934 generatim,
2222 3874 2351 3924 Lov.
2373 3879 2424 3925 2.
2530 3908 2537 3915 -

1665 3953 1748 4014 §7
1786 3949 1918 4006 Quid
1950 3953 2009 4000 de
2030 3951 2225 4000 eternis
2254 3950 2413 4001 Vestoe
2445 3950 2666 4014 ignibus]

1596 4027 1703 4083 Qui
1723 4029 1782 4077 de
1802 4029 2004 4076 eternis
2015 4027 2165 4077 Leid.
2190 4031 2238 4076 1.
2295 4026 2403 4076 Sed
2422 4028 2662 4079 ultimam

1597 4104 1801 4153 literam
1820 4104 1908 4153 τοῦ
1927 4103 2057 4159 Quid
2081 4104 2362 4166 intercepit
2384 4104 2556 4166 prima
2578 4119 2663 4154 vo·

1595 4179 1673 4230 cis
1699 4193 1808 4243 seq.
1881 4179 2013 4228 Vide
2037 4178 2101 4228 ad
2128 4192 2294 4228 xxm.
2317 4184 2366 4228 8.
2391 4181 2418 4242 §
2441 4184 2492 4229 9.

1668 4255 1800 4312 Quid
1818 4257 1877 4306 de
1897 4255 2126 4305 ancilibus
2156 4256 2344 4315 vestris,
2368 4256 2512 4305 Mars
2531 4257 2659 4307 Gro-

1595 4332 1721 4397 dive,
1760 4338 1919 4397 taque,
1961 4331 2164 4388 Quirine
2203 4331 2368 4397 pater]
2425 4333 2559 4390 Quid
2600 4335 2660 4382 de
