2934 4925
719 419 788 469 τ.
837 418 1033 468 mvn
1080 416 1281 468 rus-r.
1327 417 1481 469 1213.
1529 419 1631 469 v1.
1675 418 1844 469 cu.
1887 403 1995 470 35.

258 561 312 615 1ιί
332 576 469 626 saepe
491 561 703 614 nomina
724 562 1042 614 diversarum
1077 562 1311 628 gentium
1347 553 1350 558 ’

260 638 523 696 ‘Sestium'
544 654 661 705 qnae
693 654 822 704 gens
859 640 1080 704 patricis
1114 638 1235 696 fuit,
1257 647 1315 689 et

258 715 542 781 ‘Sextius‚'
586 731 702 781 qnae
749 717 954 780 plebeia
995 718 1220 775 exstitit,
1257 718 1313 768 in

259 795 385 860 Μαι.
424 793 671 845 confundi
716 797 904 847 solent.
968 796 1105 847 Vide
1155 810 1315 861 snpra

221 865 226 872 ’
258 878 437 922 notata
477 872 544 921 ad
587 886 673 922 ιιι.
718 875 801 923 32.
841 875 870 938 9
912 879 964 926 5.
1044 874 1315 924 Praeterea

257 954 459 1010 nerano,
485 964 580 1013 pro
605 955 816 1015 strenuo,
841 951 1006 1001 literis
1032 951 1315 1015 transposi-

258 1026 322 1080 tis
359 1026 685 1089 neglegentia
717 1027 939 1092 librarii,
961 1029 1103 1080 Flor.
1171 1029 1315 1078 Insu-

255 1117 350 1167 per
384 1104 679 1154 adulescente
714 1104 850 1154 idem
887 1104 1080 1163 codex,
1114 1106 1206 1171 qni
1241 1095 1317 1154 ita

256 1180 443 1243 passim
479 1188 752 1231 exaratum
789 1181 1021 1245 exhibet,
1052 1187 1118 1236 ut,
1142 1189 1195 1231 et
1231 1182 1317 1232 alii

257 1256 393 1306 alibi.
460 1258 597 1307 Vide
627 1257 691 1308 ad
721 1272 775 1309 V.
796 1261 878 1309 82.
898 1260 927 1324 9
951 1262 1001 1308 8.
1035 1272 1085 1309 c.
1105 1262 1187 1308 52.
1211 1261 1240 1324 9
1263 1261 1316 1308 '8-

258 1347 383 1396 vm.
419 1337 504 1383 28.
535 1336 564 1399 9
601 1338 652 1383 3.
683 1349 732 1384 c.
767 1339 847 1385 90.
878 1337 981 1402 94.
1013 1350 1061 1386 c.
1083 1338 1315 1402 32.915.

256 1423 303 1476 o.
338 1414 422 1460 35.
461 1414 488 1473 9
521 1415 571 1461 2.
642 1424 725 1461 ix.
761 1415 843 1463 17.
875 1415 904 1478 9
936 1418 986 1462 5.
1016 1428 1064 1463 e.
1094 1417 1177 1464 46.
1203 1415 1317 1478 99.

257 1488 465 1537 Pariter
490 1503 557 1538 ex
580 1490 778 1553 optimo
803 1490 1115 1540 Memmiano
1146 1488 1315 1553 profe-

259 1570 378 1614 runt
401 1563 499 1613 viri
524 1565 661 1615 docti
688 1565 753 1614 ad
773 1566 918 1617 Suet.
937 1567 1053 1617 Tib.
1069 1581 1117 1617 c.
1135 1571 1187 1617 7.
1231 1569 1316 1616 De

257 1637 350 1690 hac
379 1640 638 1690 scribendi
676 1641 878 1692 ratione
913 1644 1123 1694 consule
1148 1645 1317 1694 Daus-

259 1716 395 1780 qnei.
427 1716 479 1765 in
517 1717 767 1780 Orthugr.
788 1732 903 1768 voe.
926 1725 941 1748 4
960 1717 1318 1781 Adolescens?

259 1799 313 1840 et
335 1791 573 1841 Vossinm
595 1793 645 1841 in
673 1794 846 1857 Etym.
870 1794 1018 1857 Ling.
1041 1795 1163 1845 Lat.
1185 1809 1317 1846 voce

258 1875 272 1897 ⁶
292 1867 560 1918 Adolere.’
628 1870 814 1920 Paullo
837 1878 960 1920 ante
980 1870 1200 1936 concilis,
1222 1886 1318 1936 pro

256 1947 469 2010 consiliu,
502 1961 776 2010 perperam
809 1950 939 1999 Lov.
969 1953 1016 1998 l.
1049 1959 1109 1999 et
1134 1953 1185 1999 4.
1252 1949 1319 2000 In

255 2021 590 2086 sequentibus
615 2024 871 2086 patriciam
888 2038 1058 2086 genus,
1080 2032 1321 2089 transpo-

256 2099 364 2147 sitis
384 2099 621 2161 vocibus,
646 2101 771 2151 Lov.
794 2106 846 2153 4.

321 2177 455 2226 CAP.
482 2189 661 2228 xxxv.
681 2179 761 2242 91
808 2179 959 2239 Cuius
976 2180 1185 2230 lecum
1204 2155 1322 2230 ntuli

254 2254 423 2317 plebes,
436 2254 543 2303 ’sisi
557 2255 658 2303 suis
677 2255 726 2303 ιἰι
742 2269 919 2304 summ
933 2256 1128 2319 imperio
1142 2256 1324 2316 locutis,

256 2332 434 2380 nuum
453 2329 695 2394 speraret]
711 2333 792 2381 Ad
812 2332 945 2394 cujus
962 2333 1172 2382 momen
1191 2333 1325 2397 mli,

258 2410 335 2472 ξε.
359 2410 542 2458 nullum
567 2414 779 2473 speraret
809 2410 994 2460 aditam
1013 2410 1153 2460 Hav,
1176 2417 1321 2460 cete·

257 2486 325 2537 ris
367 2486 609 2535 omnibns
654 2493 796 2535 recte
830 2487 1059 2551 vulgatae
1105 2488 1319 2538 lectioni

259 2562 665 2623 adhaerentibus,
707 2564 806 2612 nlsi
836 2564 971 2627 quod
1015 2565 1200 2615 aditum
1244 2573 1321 2615 ta·

257 2642 575 2691 men·etiam
612 2643 905 2705 receperint
930 2641 1058 2692 Lov-
1078 2648 1129 2692 5.
1167 2643 1321 2693 Harl.

258 2725 307 2770 2.
349 2730 407 2771 et
445 2722 675 2774 Gaertn.
739 2723 868 2772 Tum
908 2724 1042 2786 plebs
1077 2725 1230 2775 Voss.
1271 2731 1323 2776 2.

259 2798 406 2849 Leid.
427 2804 479 2849 2.
506 2800 637 2849 Lov.
659 2800 903 2865 quinque,
926 2801 1075 2851 Port-
1098 2801 1321 2853 Gaertn.

259 2883 313 2926 et
341 2877 480 2926 Hav.
528 2877 685 2940 plebis
706 2877 848 2929 Flor.
914 2878 1051 2928 Vide
1086 2878 1153 2927 ad
1177 2892 1216 2929 1.
1237 2883 1321 2930 20.

260 2954 357 3040 96.
423 2953 635 3002 Deinde
676 2955 728 3003 ιἰι
770 2968 951 3005 summo
986 2956 1154 3020 proels’o
1186 2956 1326 3006 Flor.

225 3036 232 3043 ’
257 3029 310 3078 in
339 3044 575 3080 summam
606 3030 855 3095 imperium
883 3032 1108 3083 Gaertn.
1176 3032 1324 3082 Prae-

261 3107 446 3168 positio
468 3108 523 3156 in
553 3122 656 3157 non
690 3107 909 3171 adparet
944 3109 997 3158 in
1021 3110 1147 3160 Lov,
1179 3113 1231 3159 4.
1265 3117 1326 3158 ut

229 3174 353 3232 ‘nec
385 3184 560 3233 locatis
597 3185 649 3233 in
696 3185 825 3235 Lov.
856 3189 907 3237 5.
973 3186 1159 3237 Paullo
1199 3195 1325 3237 ante

262 3271 432 3312 antem
462 3268 648 3326 proeter
667 3264 905 3327 ingentem
926 3266 1023 3316 vim
1043 3267 1159 3317 aeris
1178 3266 1326 3316 alieni

261 3348 339 3391 est
358 3341 410 3390 ln
433 3342 587 3392 Voss.
617 3346 663 3390 Ι.
685 3350 740 3392 et
763 3342 913 3392 Leid-
933 3348 983 3395 2.
1048 3342 1199 3394 Soliti
1234 3358 1325 3393 an·

262 3425 362 3468 tem
387 3418 770 3483 saepe‘fuerunt
789 3418 985 3472 librarii
1009 3421 1097 3470 has
1120 3435 1325 3485 proepo-

261 3494 474 3545 sitiones
516 3497 655 3546 inter
686 3512 745 3547 se
783 3495 1123 3549 confundere.
1189 3496 1325 3548 Vide

263 3572 327 3621 sd
371 3587 449 3623 tv.
484 3578 571 3624 61.
614 3576 644 3639 9
691 3578 769 3624 10.
834 3575 1043 3639 Propter
1086 3576 1329 3638 ingentem

260 3663 486 3699 sumnam
507 3650 629 3699 oeris
648 3652 797 3701 alieni
814 3653 1090 3705 Kloekian.
1154 3653 1330 3717 Supra

263 3725 358 3776 hoe
391 3726 486 3776 lib.
522 3741 571 3776 c.
601 3732 685 3777 27.
719 3728 735 3754 4
755 3730 894 3780 Quia
933 3730 1060 3779 nolit
1096 3730 1330 3794 conspici

260 3815 507 3853 summam
535 3804 655 3853 aeris
677 3803 867 3854 alieni.’
933 3804 1038 3856 Sed
1062 3806 1190 3856 nihil
1218 3820 1328 3855 mu-

263 3879 497 3930 tandum.
566 3881 719 3931 Infra
741 3895 840 3933 vu.
859 3886 942 3932 21.
965 3889 979 3911 ⁴
999 3885 1074 3933 Ut
1094 3898 1197 3933 non
1220 3879 1328 3933 iiio-

261 3955 326 4005 do
348 3957 461 4007 sine
485 3958 701 4021 injuria,
720 3958 815 4008 sed
837 3960 995 4010 etiam
1028 3960 1140 4010 sine
1160 3961 1329 4026 queri·

263 4035 446 4084 moniis
484 4037 652 4099 partis
686 4037 951 4101 utriusque
981 4037 1231 4088 exhausta
1255 4039 1330 4090 vis

264 4109 444 4175 ingens
468 4115 592 4162 aeris
618 4114 772 4164 alieni
794 4115 897 4165 sit!

326 4192 408 4255 92
432 4190 807 4252 Adcingendum
842 4194 905 4244 ud
938 4209 1042 4245 eum
1079 4195 1331 4257 cogitatio·

265 4285 369 4320 nem
405 4270 533 4334 esse]
580 4270 776 4321 P'robo.
844 4271 987 4322 Male
1029 4273 1188 4335 igitur
1231 4273 1331 4323 illis

264 4347 585 4414 precor,.qui
607 4353 811 4399 veteres
829 4348 985 4401 libros
1002 4344 1333 4416 inquinantes

2273 401 2449 469 8055

1386 570 1777 629 supposuerunt
1817 562 2172 625 „attingendam
2224 563 2289 611 ud
2340 575 2446 611 eum

1383 656 1490 703 cog.
1533 655 1648 691 esse.
1693 640 1867 692 Gebh.
1933 642 2090 692 Forte
2126 639 2312 690 melius
2348 640 2448 689 Ac·

1384 720 1668 781 cingendum
1697 720 1762 768 ud
1794 733 1850 768 ea
1868 732 1972 780 cog.
1995 733 2108 768 esse.
2175 719 2255 768 Ea
2277 718 2447 767 consi·

1386 798 1472 856 lia,
1498 812 1610 860 qun
1635 797 1833 853 retulit,
1856 797 1938 845 vel
1973 810 2115 857 ansa,
2140 795 2219 844 vel
2244 801 2448 845 consta.

1387 873 1503 924 Lib.
1526 886 1590 922 ιι.
1607 887 1655 923 c.
1680 876 1759 922 12.
1777 875 1794 901 4
1815 870 2044 922 Proinde
2075 871 2126 920 in
2148 870 2247 919 hoe
2268 869 2451 920 discri-

1385 965 1527 1014 men,
1546 951 1590 1000 si
1601 951 1780 1014 juvat,
1801 950 2097 1012 accingere,
2118 955 2179 999 nt
2201 949 2254 997 in
2271 949 2448 1012 singn-

1388 1026 1467 1076 las
1501 1027 1653 1076 boras
1673 1028 1850 1091 capite
1872 1026 2090 1076 dimices
2114 1024 2239 1075 tuo!
2285 1039 2369 1075 ιν.
2392 1030 2444 1075 2.

1386 1101 1405 1130 4
1418 1101 1540 1153 Jam
1563 1102 1630 1152 ad
1651 1103 1975 1156 consulatum
1994 1102 2132 1165 vulgi
2154 1101 2449 1154 turbatores

1387 1178 1627 1242 accingi?
1679 1191 1886 1230 xxvm.
1901 1182 1986 1230 41.
2009 1187 2024 1209 4
2044 1180 2183 1231 Quin
2206 1179 2364 1243 igitur
2379 1179 2447 1229 ad

1389 1257 1488 1306 lioc
1512 1256 1813 1319 accingeris,
1829 1270 1926 1305 nec
1946 1271 2042 1320 per
2058 1256 2182 1305 istos
2202 1256 2450 1306 circuitus

1388 1333 1756 1398 potins,qnam
1787 1340 1935 1383 recto
1970 1332 2090 1382 hinc
2128 1331 2337 1392 itinere,
2360 1332 2449 1382 nbi

1390 1410 1619 1461 Annibal
1645 1417 1744 1469 est,
1767 1424 1831 1462 eo
1868 1410 2060 1464 bellum
2099 1409 2435 1460 intendis-J'

1392 1488 1455 1540 F.
1480 1488 1635 1538 Gron.
1698 1488 2048 1550 Attingendum
2069 1487 2228 1537 etiam
2252 1487 2377 1539 Lov.
2398 1490 2448 1536 2.

1392 1570 1441 1617 8.
1464 1569 1514 1616 4.
1537 1570 1587 1614 5.
1611 1565 1759 1616 Harl.
1781 1569 1829 1614 2.
1857 1564 2005 1615 Port.
2026 1570 2082 1614 et
2104 1562 2290 1629 fragm.
2311 1564 2457 1615 Hav-

1390 1640 1711 1704 Atts‘gendum
1749 1637 1885 1693 Hav.
1966 1643 2122 1706 Saepe
2167 1641 2328 1692 verba
2364 1642 2454 1692 illa

1390 1721 1445 1769 in
1462 1720 1594 1770 Mss.
1612 1717 1860 1770 confundi
1884 1720 2073 1769 solent.
2135 1718 2257 1768 Alia
2279 1732 2454 1769 exem-

1392 1797 1516 1861 pls
1493 1811 1603 1861 Jam
1624 1796 1893 1846 habuimus
1918 1810 2005 1847 ιιι.
2031 1798 2109 1847 19.
2142 1797 2171 1860 9
2193 1800 2243 1845 8.
2300 1808 2380 1845 ιν.
2399 1799 2450 1845 2.

1393 1874 1424 1937 9
1446 1878 1498 1926 7.
1530 1881 1585 1925 et
1615 1874 1903 1925 videbimus
1936 1888 2139 1938 quoqne
2161 1887 2290 1923 vm.
2312 1877 2395 1923 29.
2421 1874 2453 1936 9

1391 1955 1445 2004 4.
1469 1952 1687 2018 aliisque
1705 1952 1848 2002 locis.
1914 1951 1999 2001 Ad
2026 1951 2250 2015 priorem
2277 1957 2452 2001 autem

1392 2030 1567 2081 locum
1585 2031 1782 2081 dictum
1801 2035 1900 2092 est,
1914 2042 2138 2078 errorem
2156 2035 2326 2078 ortum
2342 2041 2457 2077 esse

1395 2121 1461 2157 ex
1493 2107 1833 2157 similitudine
1865 2106 2130 2155 literarum
2152 2119 2179 2153 c
2200 2110 2254 2154 et
2274 2110 2316 2168 t,
2337 2119 2457 2167 qnae

1395 2184 1448 2233 in
1472 2184 1733 2248 scriptura
1756 2181 2146 2246 Longobardics
2177 2187 2328 2231 tanta
2351 2187 2456 2243 est,

1396 2267 1456 2311 nt
1481 2262 1567 2309 vix
1591 2261 1752 2310 altera
1792 2259 1861 2309 ab
1893 2260 2059 2309 alters
2087 2258 2313 2308 discerni
2338 2272 2454 2322 pos-

1396 2341 1485 2392 sit.
1550 2340 1688 2389 Vide
1720 2339 1944 2390 Casaub.
1977 2338 2042 2388 ad
2078 2339 2226 2389 Suet.
2249 2336 2383 2387 Caes.
2404 2350 2455 2386 e.

1396 2422 1445 2470 5.
1513 2416 1651 2469 Hinc
1690 2415 2079 2468 confunduntur
2113 2430 2266 2466 voces
2304 2429 2361 2464 ue
2395 2423 2454 2464 et

1394 2499 1449 2544 ut
1465 2510 1487 2554 ,-
1535 2495 1654 2545 vide
1683 2493 1749 2544 ad
1788 2507 1876 2543 ιιι.
1899 2496 1981 2542 61.
2015 2495 2113 2557 94.
2133 2500 2146 2521 ⁸
2164 2497 2345 2541 cantus
2361 2490 2377 2513 ’
2399 2500 2459 2541 et

1395 2569 1674 2633 ‘tantns3’
1723 2571 1842 2620 vide
1875 2569 1941 2620 ad
1977 2584 2042 2619 ιι.
2064 2573 2189 2634 57.9
2215 2574 2263 2618 3.
2296 2578 2309 2600 4
2329 2582 2453 2618 con-

1397 2647 1654 2699 cinentes'
1686 2656 1743 2698 et
1780 2648 2135 2698 ‘continentes
2153 2646 2187 2707 ;’
2223 2646 2339 2695 vide
2356 2646 2455 2694 hoc

1397 2740 1515 2789 eap.
1539 2726 1605 2774 ad
1626 2727 1654 2790 9
1675 2729 1723 2774 9.
1747 2731 1762 2754 4
1781 2723 1934 2784 cim,'
1957 2725 2010 2773 id
2045 2732 2130 2774 est
2151 2724 2167 2751 ‘
2183 2721 2463 2779 caussam?

1398 2812 1455 2851 et
1474 2805 1490 2832 4
1507 2800 1647 2858 tim?
1668 2801 1720 2850 id
1745 2808 1827 2851 est
1848 2799 2100 2862 ‘tamem'
2137 2798 2256 2848 vide
2289 2799 2355 2848 ad
2378 2812 2461 2848 lv.

1400 2883 1481 2930 17.
1515 2881 1619 2944 92.
1650 2881 1667 2908 4
1689 2878 1836 2928 trnx'
1871 2885 1926 2928 et
1961 2877 2188 2939 ‘crnx;’
2235 2877 2354 2927 vide
2388 2878 2460 2926 sd

1399 2971 1483 3007 rx.
1509 2962 1589 3007 18.
1611 2959 1639 3021 9
1662 2962 1713 3007 5.
1734 2959 1751 2986 4
1766 2957 1998 3006 cumulus
2014 2954 2029 2976 '
2050 2963 2106 3005 et
2129 2954 2146 2981 ‘
2167 2954 2391 3004 tumulus
2404 2970 2427 3025 5
2442 2951 2458 2973 ’

1400 3034 1521 3084 vide
1565 3035 1632 3084 ad
1663 3046 1718 3084 x.
1752 3038 1836 3083 29.
1880 3037 1909 3099 9
1944 3037 2024 3083 19.
2066 3034 2081 3063 4
2108 3032 2356 3083 materia'
2404 3038 2460 3081 et

1399 3112 1657 3162 ‘maceria
1675 3112 1709 3173 ;’
1761 3112 1880 3162 vide
1915 3113 1980 3161 ad
2023 3125 2100 3162 vt.
2135 3115 2185 3161 2.
2218 3113 2247 3175 9
2289 3115 2366 3160 11.
2403 3117 2458 3161 et

1401 3191 1594 3240 similes
1631 3191 1807 3252 plnres
1840 3189 1982 3239 alibi.
2049 3188 2259 3238 Deinde
2283 3203 2456 3250 cogna-

1400 3266 1577 3315 tionem
1597 3268 1748 3316 Voss.
1770 3271 1816 3316 1.
1841 3274 1894 3316 et
1917 3268 2040 3317 Lov.
2064 3271 2111 3327 1,
2145 3266 2463 3328 cognitionem

1402 3343 1548 3394 Leid.
1569 3347 1619 3394 2.
1686 3344 1909 3394 Locutio
1936 3340 2109 3393 autem
2132 3343 2148 3370 4
2167 3342 2460 3406 Accingen-

1401 3420 1524 3471 dnm
1562 3421 1932 3485 cogitationem
1970 3420 2036 3471 ad
2073 3434 2138 3471 ea
2167 3420 2314 3485 esse‚’
2338 3436 2462 3485 qno-

1399 3495 1554 3547 modo
1587 3497 1853 3548 Gronovio
1889 3497 2268 3548 restituendum
2296 3497 2461 3547 visum

1402 3585 1505 3640 est,
1520 3574 1743 3625 formata
1764 3574 1902 3625 foret
1925 3574 1990 3624 ad
2010 3575 2305 3638 exemplum
2320 3574 2460 3624 illins

1400 3654 1539 3717 apud
1564 3654 1779 3702 Lucret.
1803 3666 1877 3702 vr.
1899 3656 2013 3702 919.
2035 3653 2050 3680 4
2070 3652 2188 3702 Hoc
2210 3666 2370 3715 genus
2405 3652 2459 3700 in

1403 3731 1560 3781 rebus
1601 3729 1910 3780 firmandum
1957 3735 2040 3779 est
2081 3730 2242 3778 multa
2299 3729 2464 3791 prins,

1402 3823 1556 3873 quam
1600 3807 1774 3871 Ipsius
1814 3806 1894 3856 rei
1939 3807 2193 3856 rationem
2242 3805 2461 3855 reddere

1404 3884 1621 3950 possisz’
1651 3884 1789 3949 apud
1827 3883 1936 3934 Cic.
1969 3883 2035 3949 de
2073 3883 2285 3933 Seneet.
2324 3896 2373 3932 e.
2413 3886 2467 3931 2.

1401 3966 1418 3993 4
1432 3965 1713 4028 Tamquam
1731 3962 1954 4029 aliquam
1971 3961 2105 4011 viam
2123 3961 2327 4024 longam
2345 3975 2466 4010 con-

1403 4038 1613 4098 feceris,
1635 4054 1786 4105 quam
1821 4038 1964 4089 nobis
1997 4052 2202 4100 quoqne
2236 4037 2463 4101 ingredi-

1405 4118 1595 4167 endum
1632 4116 1768 4167 sit:’
1816 4115 1904 4166 ubi
1943 4115 2062 4165 vide
2104 4114 2227 4165 Ald.
2273 4116 2460 4165 Manu·

1407 4195 1555 4259 tium.
1601 4192 1753 4256 Apud
1771 4193 2043 4242 Columell.
2062 4205 2162 4242 vn.
2179 4196 2227 4242 5.
2242 4192 2257 4221 4
2274 4192 2463 4257 Itaque

1406 4269 1743 4320 reserandum
1789 4276 1885 4331 est,
1922 4276 1975 4318 et
2021 4270 2197 4318 ulcera
2237 4269 2466 4319 medica-

1379 4350 1384 4353 *
1407 4348 1596 4401 mentis
1619 4346 1899 4398 curandum
1913 4347 1947 4399 ς’
1982 4347 2120 4412 apud
2141 4347 2321 4399 Silium
2341 4346 2471 4398 Ital.
