2934 4925
478 395 651 460 '7730

480 555 601 604 Hoc
646 561 727 606 est
768 568 948 621 parum
983 554 1214 620 densam,
1243 558 1532 623 longiorem

423 695 428 699 .
480 647 633 696 quam
653 633 910 684 latiorem.
940 633 1215 684 Frontinus
1231 648 1272 685 ι.
1285 641 1334 685 5.
1354 638 1370 664 ⁴
1389 637 1532 700 Iphi·

478 718 650 759 cretes
672 710 723 759 in
747 710 970 760 Thracia
987 726 1103 761 cnm
1124 718 1339 776 propter
1352 713 1531 762 condi-

480 785 672 835 tionem
714 786 939 835 locorum
978 788 1185 853 longum
1222 804 1408 853 agmen
1440 790 1532 839 de·

478 861 731 913 duceret.’
772 864 829 913 J.
873 865 934 914 F.
978 865 1131 915 Groui.
1198 875 1213 897 ‘
1234 865 1498 918 Didncere
1516 866 1531 888 ’

478 947 559 989 est
601 940 924 1000 distrahere..
952 943 1203 1001 dividere,
1249 946 1302 994 in
1352 955 1531 1010 partes

477 1017 745 1068 scinderet
781 1018 848 1068 de
884 1034 985 1084 quo
1022 1020 1121 1085 legi
1157 1029 1392 1085 possunt,
1415 1038 1533 1087 quae

480 1095 581 1144 viri
613 1095 754 1146 docti
792 1096 1107 1147 adnotarunt
1131 1096 1196 1146 ad
1217 1099 1415 1150 Justin.
1439 1113 1535 1150 κν.

477 1175 527 1220 4.
558 1171 742 1222 8ἰΙίιιιιι
774 1186 867 1224 xv.
899 1178 1012 1224 187.
1039 1184 1094 1226 et
1118 1176 1312 1225 Lucan.
1331 1190 1395 1226 ιι.
1418 1181 1536 1227 294.

480 1256 536 1298 et
556 1262 648 1299 ιιι.
668 1252 785 1299 584.
850 1249 1027 1300 Livius
1048 1260 1219 1301 tamen
1243 1254 1260 1281 ⁸
1279 1252 1535 1303 diducere

467 1323 715 1385 ‘eornns‚’
748 1340 843 1388 pro
865 1326 916 1374 in
941 1328 1146 1388 longum
1169 1328 1456 1379 extendere
1474 1344 1537 1378 ac

480 1401 766 1465 porrigere,
806 1403 965 1453 etiem
1017 1404 1151 1454 dixit
1190 1418 1406 1455 xxvtu.
1441 1411 1533 1457 .14.

475 1480 504 1516 ⁸-
519 1478 593 1528 Ut
633 1479 1189 1542 cornuextenderent
1232 1482 1285 1531 in
1311 1482 1538 1532 ,sinistre

479 1561 656 1620 perte,
687 1555 1117 1620 quemadmodum
1139 1573 1205 1608 se
1232 1559 1534 1609 tendentem

482 1645 512 1680 a
534 1630 722 1686 dextre
747 1633 1019 1696 vidissent,
1039 1637 1138 1685 dte.
1159 1675 1166 1682 .
1204 1635 1290 1685 Ite
1309 1636 1537 1687 diductis

478 1709 867 1763 cornibusz'-et
902 1726 1065 1763 xxxt.
1094 1718 1176 1764 21.
1230 1718 1246 1744 ‘
1273 1715 1347 1764 Ut
1384 1724 1534 1766 exte·

478 1793 689 1837 nuatum
744 1789 962 1839 mediam
1013 1791 1242 1842 diductis
1293 1794 1536 1843 cornibus

479 1865 645 1914 aciem
700 1864 966 1916 Gallorum
1020 1867 1190 1922 vidit)
1252 1870 1324 1919 Et
1364 1870 1534 1921 Tacit.

477 1940 662 2004 Agric.
697 1957 813 2007 cap.
838 1948 921 1995 85.
955 1943 1285 2009 ‘Superante
1312 1948 1536 1997 hostiurn

475 2018 823 2076 multitudine,
843 2021 1040 2072 veritus
1061 2037 1127 2072 ne
1151 2024 1304 2074 simul
1324 2025 1375 2073 in
1396 2022 1536 2075 fron·

478 2103 602 2153 tem,
625 2097 778 2147 simul
814 2098 868 2147 in
903 2100 1072 2148 latera
1108 2115 1315 2151 suornm
1341 2118 1533 2166 pugna·

480 2180 647 2235 retur,
668 2173 894 2234 diductis
914 2177 1214 2240 ordinibus5
1228 2194 1536 2244 quamquem

421 2299 428 2306 ,
478 2250 766 2313 porrectior
796 2252 937 2312 acies
968 2252 1147 2305 future
1182 2259 1332 2305 erat.’
1398 2257 1536 2307 Hoec

480 2342 701 2392 quoqne.
732 2329 916 2379 eedem
959 2331 1163 2382 ratione
1209 2333 1535 2383 emendanda

478 2414 613 2462 sunt,
633 2406 677 2456 si
689 2407 786 2460 nie
807 2415 953 2458 certe
975 2417 1060 2459 est
1082 2411 1383 2476 conjectura
1398 2412 1534 2464 Gro-

477 2485 641 2534 novii.
676 2485 778 2536 Sed
803 2487 902 2537 hoc
925 2488 1011 2537 vix
1036 2492 1387 2553 putem0-Duk.
1430 2493 1535 2542 De·

477 2562 685 2621 ductam,
711 2571 907 2627 praeter
930 2565 1083 2616 Voss.
1116 2576 1393 2634 utrumque
1421 2569 1534 2633 jam

478 2651 508 2686 a
530 2637 792 2691 Gronovio
815 2641 1100 2707 laudatum,
1122 2644 1412 2709 praeferunt
1436 2648 1535 2696 eti-

476 2729 558 2764 am
583 2731 684 2767 non
708 2719 861 2770 rnodo
886 2721 1033 2771 Leid.
1054 2726 1105 2772 2.
1129 2724 1257 2773 Lov.
1275 2729 1388 2774 1.2.
1411 2730 1464 2774 8.
1482 2731 1532 2775 5.

478 2793 628 2843 Port.
652 2808 681 2842 a
697 2810 770 2844 ιιι.
789 2810 867 2861 pr.
888 2798 1111 2849 Geertn.
1128 2800 1264 2850 Ham
1277 2811 1332 2851 et
1347 2801 1534 2866 fragm.

477 2869 615 2920 Her.
638 2886 816 2923 verum
840 2875 996 2925 etiarn
1021 2891 1199 2927 omnes
1222 2880 1534 2930 vetustiores

477 2948 654 2996 excusi
685 2964 846 3014 usque
877 2952 944 3001 ed
968 2952 1180 3011 Aldum,
1212 2956 1300 3019 qui
1325 2955 1543 3005 demum·

474 3025 714 3085 diductam
736 3029 784 3076 ei
809 3029 1091 3080 substituit.
1146 3031 1210 3080 ld
1235 3040 1534 3083 sutem-ser·

476 3109 601 3148 vant
627 3102 765 3152 Fiur.
789 3104 935 3153 Leid.
962 3109 1010 3155 1.
1037 3107 1163 3156 Lov.
1182 3112 1233 3156 4.
1259 3109 1534 3158 Herbaru-

476 3175 578 3231 bo‚.
602 3178 880 3241 Klockian.
909 3182 1062 3231 Port.
1098 3198 1229 3232 ean.
1259 3185 1449 3244 nitere,
1477 3193 1534 3236 et

474 3266 653 3303 omnes
688 3255 1035 3321 oxonienses,
1067 3260 1111 3308 si
1145 3274 1233 3308 eos
1257 3262 1533 3326 diiigenter

476 3329 689 3381 Hearne
712 3336 987 3385 consuluit.
1022 3374 1032 3387 .
1056 3337 1136 3386 Ex
1163 3338 1246 3386 ed.
1268 3341 1406 3388 enim
1429 3341 1534 3390 Ro-

476 3421 629 3457 mana
684 3425 764 3473 pr.
822 3412 1071 3462 deductam
1126 3412 1417 3478 proferens,
1464 3417 1534 3466 de

474 3485 607 3533 Mss-
643 3502 772 3550 quos
808 3489 1063 3552 adhibuit,
1092 3493 1230 3555 silet,
1262 3494 1401 3557 quod
1423 3493 1533 3544 fec·

476 3570 587 3611 tum
633 3579 733 3614 non
776 3568 1114 3633 oportuisset,
1155 3572 1199 3620 si
1240 3587 1273 3620 a
1315 3582 1533 3635 recepta

469 3640 696 3690 lectione
711 3643 1064 3696 dissentirent.
1100 3647 1170 3698 Et
1189 3649 1398 3713 quidem
1417 3651 1534 3699 ‘de-

472 3716 630 3767 duci’
662 3718 926 3784 dicuntur,
959 3738 1075 3787 quae
1115 3733 1373 3789 perpetue
1395 3727 1533 3775 serie

472 3794 527 3844 in
559 3795 936 3858 longitudinem
960 3801 1337 3858 extenduntur,
1369 3811 1425 3852 et
1457 3804 1534 3852 ite

471 3863 615 3933 q'uasi
651 3882 1013 3927 extenuantur.
1080 3878 1159 3927 Eo
1193 3893 1348 3929 sensu
1377 3879 1532 3928 ffila’

460 3948 719 3998 -dicnntur
751 3950 1007 4015 ‘deduei,'
1038 3969 1194 4018 quum
1213 3970 1279 4005 ex
1301 3958 1416 4007 colo
1439 3957 1530 4005 de·

474 4030 656 4085 cerpta
678 4024 798 4074 lana
818 4024 1079 4077 formatur
1104 4031 1155 4078 in
1187 4031 1348 4094 longa
1364 4047 1426 4083 ac
1453 4041 1531 4082 te-

472 4099 595 4148 nuia
624 4099 746 4148 fils..
794 4101 985 4152 Catuli.
1029 4104 1204 4155 Carm.
1244 4121 1374 4157 va.
1412 4113 1528 4159 812.

470 4177 754 4225 ‘Dextera
781 4183 889 4225 tum
926 4178 1111 4228 leviter
1144 4180 1406 4233 deducens
1439 4184 1530 4234 file

473 4251 669 4315 supinis
722 4252 1003 4303 Formabet
1044 4254 1266 4317 digitis.’-
1335 4261 1527 4309 Tibujl.

470 4328 551 4379 El.
575 4340 613 4376 1.
636 4329 685 4375 3.
707 4331 788 4378 86.
820 4327 1111 4381 ⁴..Dedttcst
1124 4333 1277 4396 pleno
1300 4338 1530 4388 stamina

1162 413 1382 464 No'rAE
1429 414 1837 464 VARIORUM
1893 416 1973 465 IN

1608 560 1762 625 longe
1803 560 1949 612 colo!
2017 559 2176 612 Ovid.
2210 560 2375 626 Epist.
2407 560 2541 612 Her.
2586 574 2668 615 η.

1605 641 1689 686 77.
1721 641 1738 665 ⁸
1760 637 2051 703 crasseque
2074 638 2287 688 robusto
2316 639 2533 689 deducis
2551 642 2673 704 pol·

1606 715 1707 764 lice
1741 714 1867 765 fila!
1920 716 2059 766 Vide
2096 717 2363 766 Passeret.
2386 716 2452 765 ed
2477 717 2672 767 &nuni

1606 791 1707 841 loc·
1746 790 1889 840 land.
1966 792 2107 843 Hinc
2161 793 2396 842 desumta
2436 793 2674 856 eleganti

1608 868 1907 930 metaphora
1929 870 1945 897 ‘
1961 867 2221 920 deducere
2242 867 2506 918 carmina?
2526 867 2673 932 apud

1607 943 1790 1006 poetes
1844 945 2073 1008 aliosque
2125 947 2413 1010 scriptores
2453 945 2672 996 obvium

1607 1027 1704 1076 est,
1739 1022 1806 1071 de
1827 1036 1930 1087 qno
1952 1021 2174 1086 erudite,
2191 1029 2251 1072 ut
2286 1037 2512 1087 semper,
2537 1025 2677 1073 Bur·

1608 1111 1779 1146 menn.
1818 1098 1884 1147 ad
1922 1098 2117 1149 Nason.
2149 1099 2326 1147 Amor.
2349 1099 2501 1161 Eleg.
2522 1112 2564 1148 ι.
2592 1102 2674 1148 14.

1608 1177 1658 1222 7.
1692 1173 1780 1222 ubi
1816 1174 1995 1223 laudat
2017 1174 2237 1236 glossam
2258 1174 2582 1238 adscriptam
2598 1174 2671 1242 ³¹¹

1609 1249 1767 1302 ovid.
1802 1251 1962 1301 Trist.
2000 1252 2147 1315 Eleg.
2187 1265 2226 1303 1.
2261 1256 2310 1301 1.
2342 1255 2426 1300 89.
2460 1252 2514 1301 in
2547 1266 2675 1316 qua,

1609 1344 1705 1392 pro
1717 1331 1976 1379 deducetur
1990 1346 2022 1378 a
2038 1331 2170 1392 coelo,
2190 1328 2310 1378 vide
2328 1344 2394 1379 an
2409 1342 2512 1380 non
2534 1343 2674 1390 prae-

1610 1413 1718 1455 stet
1738 1408 1998 1456 deducatur
2017 1421 2048 1455 a
2065 1408 2463 1469 colelegereex
2479 1404 2674 1454 'ribuui

1609 1483 1728 1532 loco
1763 1483 1904 1533 laud.
1941 1498 2115 1548 quem,
2153 1490 2211 1532 ut
2244 1481 2494 1532 Heinsius
2530 1482 2672 1531 vole·

1607 1560 1720 1625 het,
1740 1576 1771 1610 a
1799 1562 1913 1612 tela.
1979 1562 2179 1611 Eadem
2199 1562 2518 1624 metaphora.
2537 1560 2675 1610 uie·

1610 1637 1798 1687 ducere
1820 1636 2108 1702 mugitum?
2120 1673 2124 1678 -
2143 1639 2312 1702 proin
2331 1639 2543 1702 longum
2568 1644 2675 1688 tra·

1607 1715 1749 1776 herc,
1783 1715 2036 1765 Frontino
2074 1715 2451 1764 restituendum
2468 1714 2675 1764 ‚existi-

1607 1791 1770 1841 mavit
1813 1790 2155 1855 Oudendorp.
2189 1790 2257 1840 ad
2292 1805 2331 1841 1.
2372 1796 2423 1840 5.
2467 1806 2567 1842 ex.·
2593 1794 2676 1840 26.

1608 1867 1680 1916 Et
1714 1867 1813 1917 hoc
1846 1881 2000 1918 sensu
2026 1867 2138 1931 jam
2161 1868 2302 1917 acies
2323 1865 2515 1924 dieitur
2544 1866 2675 1918 {de-

1609 1943 1730 1993 duci
1766 1944 1818 1992 in
1854 1943 2085 2007 cornus,'
2119 1943 2330 2009 quando
2363 1943 2482 2007 lpse
2516 1943 2674 2005 longe

1609 2021 1932 2077 extenditur,
1954 2028 2008 2071 et
2031 2021 2108 2070 ita
2119 2027 2452 2076 extenuetur,
2469 2025 2531 2069 ut
2555 2032 2670 2070 cer-

1609 2112 1713 2147 nua
1746 2100 1855 2148 late
1892 2096 2294 2162 protendantur,
2326 2096 2569 2160 sive,-.ut.
2597 2095 2673 2145 lo·

1611 2177 1797 2239 quitur.
1822 2189 1884 2225 ιι.
1915 2178 1998 2225 81.
2029 2188 2379 2225 cnmeoruua
2421 2188 2477 2223 se
2517 2172 2675 2222 latius

1610 2254 1867 2318 pendunt,
1887 2260 1943 2303 et
1964 2254 2105 2302 acies
2128 2265 2315 2316 parum
2332 2257 2457 2316 apte
2480 2250 2674 2300 intror-

1609 2346 1720 2381 sum
1744 2329 2011 2380 ordinibus
2033 2327 2288 2390 firmetur,
2303 2341 2390 2388 ne,
2409 2333 2468 2375 ut
2492 2324 2673 2375 Livius

1610 2408 1695 2458 hic
1717 2408 1907 2475 inquit,
1930 2405 2284 2457 multitudine,
2306 2404 2534 2454 hostium
2575 2402 2673 2452 cir·

1611 2487 1892 2537 cumveniri
1939 2486 2122 2550 possit.
2191 2484 2312 2535 Hoc
2356 2498 2511 2533 sensu
2559 2496 2672 2532 cem

1609 2579 1784 2614 vocem
1810 2563 2185 2614 restituendam
2210 2576 2400 2612 censeo
2418 2560 2674 2610 Frontino

1609 2642 1835 2707 Strateg.
1869 2655 1936 2691 ιι.
1969 2645 2019 2692 8.
2050 2655 2135 2690 ex.
2172 2644 2250 2691 12.
2282 2639 2373 2690 nbi
2391 2639 2460 2688 de
2474 2638 2687 2688 ·Cleen·.

1609 2718 1759 2768 drida
1812 2718 2227 2774 Lacedaemonio,
2281 2717 2385 2782 qui·
2417 2716 2675 2766 adversus

1609 2795 1847 2845 Lucanos
1880 2803 1895 2825 ‘
1914 2794 2128 2843 denssm
2150 2793 2417 2854 instruxit
2455 2794 2625 2843 aciem
2642 2791 2676 2854 3’

1609 2879 1671 2921 ut
1708 2873 1863 2936 longe
1897 2871 2112 2925 minoris
2148 2871 2675 2941 exercitus-speciem

1608 2949 1902 3014 praeberet:
1934 2949 2183 2998 ‘Securis
2217 2948 2677 2998 deinde·hostibus

1607 3027 1664 3076 in
1687 3027 1801 3090 ipso
1822 3027 2107 3076 certamine
2130 3026 2353 3075 deduxit.
2369 3025 2604 3082 ordines,
2624 3033 2691 3074 et.

1607 3120 1640 3153 a
1674 3105 1922 3154 lateribus
1955 3105 2337 3155 circumventos
2350 3118 2454 3152 eos
2479 3101 2624 3157 fudit
2644 3102 2678 3153 ε’

1608 3182 1695 3230 ubi
1739 3180 2120 3245 vulgojegitur
2143 3180 2357 3241 diduxit,
2392 3179 2533 3245 qnod
2567 3193 2675 3229 ser-

1609 3259 1718 3309 vari
1773 3260 1975 3323 nequit,
2030 3259 2129 3308 nisi
2191 3267 2500 3314 statuemus,
2532 3271 2676 3317 ,eum

1609 3336 1792 3393 eciem,
1834 3351 1949 3399 quae
1994 3336 2130 3385 hosti
2171 3335 2392 3385 obversa
2418 3342 2585 3397 ‚erat‚-
2621 3335 2674 3384 in

1607 3413 1737 3462 dues
1776 3419 1953 3476 partes
1988 3412 2244 3468 divisisse,
2277 3421 2332 3462 et
2353 3412 2509 3481 itain
2530 3419 2676 3471 utra·

1608 3506 1708 3555 que
1722 3530 1731 3537 .
1743 3490 1911 3540 latera
1932 3490 2273 3541 ⁷Lucanorum
2317 3489 2576 3551 inpetum.
2597 3485 2674 3549 ,fe-

1607 3569 1759 3618 cisse.
1828 3569 1906 3617 Ee
1926 3569 2162 3617 enim-vis
2193 3575 2274 3617 est
2294 3567 2435 3616 τοῦιέ
2456 3566 2672 3619 diduce-

1608 3645 1703 3701 re‚'
1736 3652 1792 3694 nt
1824 3636 2278 3707 notet-seperare,
2305 3642 2570 3698 dividere,
2592 3657 2672 3693 se-

1607 3735 1853 3771 movere:
1901 3735 2004 3784 quo
2049 3734 2205 3769 sensu
2239 3721 2354 3782 jem
2399 3733 2466 3768 eo
2511 3720 2683 3771 verbo-

1607 3812 1745 3846 nsus.
1766 3803 1851 3847 est
1883 3797 2118 3846 Frontin.
2150 3809 2213 3846 u.
2237 3800 2289 3845 3.
2312 3809 2399 3846 ex.
2421 3798 2471 3844 8.
2506 3794 2671 3859 ‘Ipsi,

1607 3873 1832 3923 diductis
1887 3873 1942 3922 in
1970 3910 1977 3919 .
2002 3873 2171 3921 latera
2224 3872 2443 3934 viribus,
2506 3886 2669 3922 vacua

1604 3948 1777 3999 fronte
1800 3964 1875 3998 ex
1890 3957 2112 4013 utreque
2136 3956 2288 4011 parte
2310 3948 2670 3999 circumvene-

1607 4034 1728 4076 runt
1749 4040 1865 4075 eum
1882 4024 1914 4072 ι’
1937 4032 1991 4074 et
2014 4038 2080 4073 ιι.
2100 4028 2149 4073 6.
2172 4038 2257 4074 ex.
2275 4027 2327 4073 4.
2347 4025 2363 4052 ‘
2380 4022 2670 4087 Hannibal,

1603 4117 1760 4167 quum
1799 4101 1864 4151 ed
1903 4101 2308 4164 Thrasymennum
2339 4100 2527 4150 inclusi
2565 4102 2668 4150 Ro⁶

1603 4179 1739 4229 meni
1785 4178 2042 4228 acerrime
2082 4184 2393 4240 pugnarent,
2436 4175 2666 4231 diductis

1603 4254 1871 4311 ordinibus
1910 4251 2043 4302 fecit
2073 4252 2147 4300 eis
2177 4250 2402 4309 abeundi
2437 4259 2664 4313 poteste-

1603 4331 1773 4385 tem.'‚
1819 4330 1907 4380 Ite
1930 4327 2243 4387 vero‚eeiem
2265 4329 2317 4387 in
2341 4341 2536 4379 cernue
2557 4341 2658 4390 nou
