2934 4925
762 377 833 423 τ.
882 375 1074 425 mvn
1123 375 1325 424 ms'r.
1374 375 1517 425 un.
1566 375 1672 425 vt.
1718 378 1885 427 οΑΡ.
1931 362 2000 427 5.

274 514 492 567 infectu
534 515 772 566 hostibus
827 517 957 578 vias,
1009 517 1337 581 paucissimis

274 592 570 649 comitibus,
585 592 854 656 naufragio
870 595 1027 644 etiam
1050 594 1210 655 facto,
1222 594 1343 643 sub·

270 669 515 720 secuntus-⁹
540 671 608 720 Et
626 672 702 720 ita
714 671 920 720 Cottius
934 671 1116 722 docuit
1132 672 1342 735 capien-

270 748 390 798 dum
413 748 546 798 illud
572 749 785 798 Sallust.
809 749 964 799 Catil.
986 764 1033 798 c.
1056 754 1137 798 15.
1180 752 1196 778 ‘
1216 750 1341 799 Ani·

269 841 380 876 mus
427 826 664 891 inpurus,
698 827 813 876 Diis
848 828 1239 892 hominibusque
1262 826 1340 875 in·

266 900 448 959 festus,
484 918 657 969 neque
697 904 905 968 vigiliis,
940 919 1108 969 neque
1150 905 1339 969 quieti-

267 979 361 1028 bus
385 979 564 1029 sedari
590 979 833 1044 poterat!
883 981 1028 1030 Nihil
1055 993 1226 1030 tanuen
1250 981 1337 1031 hio

266 1063 428 1117 muto,
451 1070 610 1121 quium
647 1057 831 1122 reliqui
867 1071 1043 1106 omues
1075 1059 1336 1121 vulgatum

265 1140 495 1189 servent,
519 1132 646 1198 (nisi
669 1135 806 1199 quod
836 1138 873 1183 «ι’
892 1136 1143 1184 nobilitate
1175 1135 1338 1185 dede·

264 1208 370 1257 rint
392 1208 584 1258 scribe
603 1209 725 1258 [ιον.
742 1214 788 1259 8.
803 1214 855 1259 4.
878 1211 1028 1260 Voss.
1043 1216 1093 1260 2.
1117 1212 1336 1264 Gaertu.

262 1281 411 1335 Port.
435 1291 495 1334 et
518 1283 705 1346 fragm.
739 1284 907 1350 Har.)
927 1295 984 1336 et
1006 1288 1131 1337 alibi
1161 1289 1335 1338 Livius

265 1360 340 1410 ita
362 1362 573 1411 locutus
593 1362 682 1424 sit,
706 1369 765 1412 ut
800 1376 853 1412 x·
877 1369 959 1414 4o.
990 1366 1006 1392 ‘
1031 1365 1335 1415 Exercitum

262 1436 314 1486 in
338 1453 519 1501 agrum
541 1440 841 1501 Vescinum,
863 1442 985 1505 quie
1007 1444 1153 1506 regio
1173 1457 1237 1491 ea
1260 1443 1335 1491 iu·

261 1514 400 1564 festa
428 1514 497 1565 ab
520 1515 839 1566 Samnitibus
856 1525 989 1580 erat,
1007 1518 1335 1569 hibernatum

262 1591 449 1642 duxit?
518 1592 581 1642 In
626 1609 727 1645 uno
767 1596 909 1645 Flor.
945 1594 1005 1645 τὸ
1042 1612 1074 1645 u
1103 1597 1333 1647 secundo

261 1670 374 1720 loco
398 1671 617 1721 deerat:
643 1673 755 1729 sed,
776 1672 984 1722 Livium
1005 1674 1335 1736 prepositio-

264 1762 379 1797 nem
414 1747 469 1797 in
505 1749 760 1799 similibus
794 1750 1145 1800 locutionibus
1182 1764 1332 1815 repe·

263 1831 377 1876 tere
401 1825 614 1874 solitum
631 1823 812 1880 fuisse,
826 1825 1048 1875 vidimus
1073 1825 1139 1874 ad
1157 1840 1234 1875 lv.
1252 1829 1333 1876 68.

262 1903 290 1964 §
322 1905 373 1951 4.
447 1900 653 1951 Deinde
675 1901 784 1962 suit
820 1903 949 1954 Lov.
978 1909 1028 1953 δ.
1084 1903 1227 1952 Vide
1264 1903 1330 1954 ad

261 1990 347 2029 ιι..
368 1981 448 2028 14.
471 1981 502 2043 ξ
521 1983 602 2029 10.
652 1980 883 2045 obliqua
905 1981 1073 2030 oratio
1094 1980 1195 2029 hoc
1218 1981 1331 2030 loco

261 2058 530 2119 vulgatum
552 2059 734 2121 exigit.

322 2133 403 2184 Ab
426 2134 534 2182 illis
552 2135 695 2197 enin,
716 2138 799 2199 &¹⁰-
828 2133 1122 2186 incursione:
1142 2150 1197 2185 eo
1217 2135 1329 2196 fac·

259 2209 355 2273 tas]
386 2210 467 2260 Ab
488 2212 603 2260 aliis
621 2212 749 2261 euim
770 2212 1054 2263 Klockiau.
1108 2212 1214 2262 Sed
1246 2226 1327 2263 so·

258 2287 368 2336 lent
392 2302 550 2339 voces
569 2290 659 2339 alii
679 2297 735 2340 et
754 2290 831 2341 iai
859 2291 912 2339 in
931 2290 1091 2341 ⁸libris
1119 2290 1328 2354 scriptis

259 2363 525 2417 confundi.
592 2366 727 2418 Vide
752 2367 816 2417 ad
839 2380 1009 2418 xxm.
1032 2371 1084 2417 7.
1120 2369 1149 2431 §
1182 2370 1233 2418 8.
1266 2366 1328 2418 ab

257 2443 355 2492 iliis
397 2444 583 2510 reliqui
627 2446 813 2510 scripti
864 2451 1080 2496 tuentur
1130 2451 1326 2510 praeter

258 2534 413 2571 uuum
437 2521 580 2572 Hav.
602 2522 655 2571 in
682 2537 784 2587 quo
804 2529 887 2574 est
906 2522 967 2573 ab
993 2523 1087 2573 liis.
1157 2523 1225 2572 Et
1246 2524 1322 2573 its

258 2596 336 2644 vir
372 2598 561 2647 doctus
605 2598 657 2647 in
704 2599 934 2662 margine
977 2599 1063 2649 ed.
1086 2599 1323 2650 Curionis

257 2673 533 2737 legendum
557 2675 806 2739 conjecit.
860 2676 1021 2725 Forte
1043 2675 1195 2739 liujus
1218 2676 1322 2726 lee-

259 2749 413 2801 tiouis
459 2759 646 2802 auctor
687 2751 972 2802 credidisse
1013 2752 1223 2802 videtur
1261 2752 1323 2803 ab

255 2828 353 2879 illis
389 2829 455 2878 ad
499 2829 790 2892 proximum
829 2830 845 2858 ‘
867 2829 1101 2879 Volscis’
1136 2827 1321 2880 referri

258 2920 355 2954 non
378 2921 550 2970 posse.
616 2906 831 2968 Verum,
851 2920 1007 2971 quum
1033 2921 1153 2958 mox
1186 2906 1202 2934 4
1228 2921 1319 2956 uo·

257 2981 415 3034 biles'
461 2983 764 3033 nominatim
808 2990 1176 3041 memorentur,
1221 2998 1320 3049 per

257 3071 437 3108 vocem
470 3059 571 3108 illis
604 3073 707 3108 non
737 3060 882 3115 alios,
906 3074 1055 3123 quam
1078 3061 1316 3122 Volscos,

256 3134 471 3199 intelligi
514 3146 685 3198 posse,
718 3135 844 3183 satis
881 3135 1118 3198 adparet.
1186 3138 1317 3187 Tum

253 3216 300 3260 et
318 3212 607 3262 incursiones
629 3211 779 3262 Leid.
795 3216 845 3261 2.
867 3219 919 3260 et
942 3213 1074 3262 LoV.
1091 3217 1139 3262 1.
1211 3214 1319 3264 De·

254 3289 406 3355 nique
432 3291 693 3354 particula
713 3304 765 3340 ee
787 3289 938 3340 deest
966 3291 1017 3338 iu
1039 3289 1160 3340 edd.
1180 3290 1315 3341 anti-

253 3367 534 3432 quioribus,
579 3380 733 3431 quam
775 3366 981 3416 addidit
1033 3367 1217 3424 Aldus,
1261 3375 1317 3419 et

251 3444 539 3508 preferant
562 3457 739 3493 omnes
762 3444 891 3493 Μαι.
912 3444 1035 3493 mei.

312 3524 340 3586 §
364 3526 396 3572 4
433 3521 633 3570 Nobiles
663 3520 874 3570 homines
901 3522 953 3569 in
981 3524 1316 3584 possessionem

245 3598 357 3659 agri
407 3597 586 3661 publici
619 3598 862 3661 grassari]
911 3598 974 3646 Iu
1022 3601 1315 3661 possessione

223 3714 226 3719 .
248 3674 375 3724 Βον.
395 3679 444 3723 5.
479 3674 609 3723 inter
627 3674 941 3737 possessiones
961 3675 1091 3726 Lov.
1104 3681 1152 3725 4.
1184 3677 1314 3727 inter

240 3752 577 3812 possessionem
598 3753 749 3801 Voss.
773 3754 823 3799 2.
860 3751 1008 3800 Leid.
1032 3757 1077 3801 1.
1113 3753 1238 3803 Lov.
1259 3757 1311 3805 2.

244 3832 293 3878 8.
341 3829 495 3879 Harl.
527 3834 576 3878 2.
620 3829 843 3878 Gaertu.
883 3829 1032 3879 Port.
1079 3829 1216 3880 Hav.
1256 3838 1311 3880 et

244 3903 430 3969 fragm.
451 3904 588 3954 Har.
607 3904 747 3970 quod
768 3907 959 3967 exponi
983 3912 1178 3970 potest,
1199 3908 1215 3934 ‘
1234 3908 1311 3956 in·

243 3988 391 4030 terea
421 3980 545 4030 dum
584 3978 926 4043 possidetur3’
959 3995 1061 4045 quo
1092 3995 1244 4032 sensu
1282 3983 1310 4031 ὅ

242 4053 364 4104 πάνυ
430 4055 728 4107 Gronovius
794 4055 925 4107 inter
986 4054 1310 4119 firmantem

241 4133 406 4189 oriem,
429 4146 525 4196 pro
549 4134 602 4181 in
624 4131 947 4195 fluctuantem
966 4149 1059 4192 ac„
1079 4135 1306 4184 scriben-

243 4209 362 4259 dum
397 4209 631 4273 conjicit,
665 4208 824 4273 idque
847 4211 1080 4271 exponit,
1103 4211 1308 4262 interea

246 4288 363 4336 dum
382 4283 606 4337 fluctuat
628 4284 891 4351 utrimque
907 4286 1067 4337 acies.
1121 4286 1306 4342 Potius

2307 361 2482 430 vm

1419 523 1593 569 tamen
1614 526 1717 584 est,
1736 525 1796 569 ut
1816 521 2086 584 vulgatum
2111 519 2283 570 verius
2304 521 2486 572 existi·

1418 603 1608 648 metur.
1675 597 1875 646 Passim
1896 597 2034 646 enim
2062 597 2115 646 in
2146 605 2201 648 et
2234 597 2348 660 ἕπε’,
2372 599 2483 648 sive

1414 671 1565 735 inter,
1585 674 1637 721 in
1662 674 1790 723 Mss.
1816 671 2059 723 confundi
2085 675 2271 724 solent·
2344 676 2484 725 Vide

1415 747 1482 796 ad
1508 762 1755 799 xxxvm.
1768 755 1849 799 57.
1868 752 1896 814 ς
1915 755 1966 800 6.
1994 750 2009 776 4
2029 750 2269 801 Grassari
2292 753 2345 802 in
2362 767 2482 823 pos·

1412 828 1730 891 sessionem:
1753 836 1810 879 ut
1842 830 1858 856 4
1879 831 2099 892 grassari
2124 830 2175 879 in
2199 837 2254 878 te
2275 830 2289 851 ’
2310 844 2373 882 11.
2400 835 2479 882 12.

1410 905 1427 934 4
1448 904 1693 954 Trecenti
1714 905 2098 968 conjuravimus
2121 906 2382 970 principes
2394 908 2483 972 ju-

1413 981 1640 1030 ventutis
1680 982 1948 1043 Romanoe,
1984 989 2044 1031 ut
2084 982 2136 1031 in
2173 992 2225 1031 te
2262 984 2360 1034 bac
2396 987 2481 1035 via

1411 1058 1795 1119 grassaremur.'
1858 1058 2047 1110 Justin.
2083 1072 2146 1108 ιι.
2185 1064 2262 1110 12.
2296 1062 2312 1089 4
2336 1061 2478 1113 Quo·-

1410 1134 1547 1181 niam
1564 1133 1703 1184 ferro
1725 1136 1775 1184 iu
1796 1135 2029 1184 homines
2049 1150 2152 1184 nou
2176 1143 2403 1200 poterat,
2425 1139 2476 1187 in

1411 1210 1636 1261 nidificia
1690 1213 1810 1275 igne
1867 1210 2168 1275 grassatur!
2258 1226 2376 1262 xvt.
2426 1219 2476 1264 4.

1408 1290 1424 1317 4
1455 1289 1645 1352 Neque
1669 1303 1726 1338 se
1751 1287 2049 1338 adfuturum
2088 1290 2307 1354 amplius
2333 1306 2477 1354 gras-

1410 1366 1548 1413 santi
1574 1365 1625 1413 in
1652 1366 1891 1429 populum
1915 1363 2155 1415 senatui.'
2218 1365 2282 1413 Τὸ
2309 1370 2474 1416 adrer-

1406 1453 1490 1489 ευ
1531 1440 1652 1490 huic
1691 1439 1854 1490 verbo
1894 1441 2074 1504 junxit
2111 1455 2151 1491 ι.
2192 1447 2241 1492 9.
2298 1445 2313 1470 4
2341 1445 2472 1493 Cum

1408 1525 1679 1568 contemtu
1719 1519 1986 1583 religionis
2015 1526 2278 1581 grassatus
2316 1523 2472 1571 etiam

1408 1595 1658 1644 adversus
1683 1595 1825 1645 Deos
1846 1593 2018 1646 fuerat
2038 1596 2072 1646 :'
2106 1601 2161 1645 et
2181 1597 2398 1646 Sueten.
2420 1599 2474 1648 in

1409 1660 1579 1734 Caligss
1602 1686 1652 1721 c.
1675 1675 1757 1722 84.
1792 1673 1809 1700 4
1835 1671 1951 1721 Nec
1983 1672 2179 1721 minore
2212 1673 2373 1722 livore
2411 1687 2472 1724 ac

1406 1748 1749 1812 malignitate,
1778 1763 1931 1812 quam
1966 1748 2210 1812 superbia
2242 1751 2472 1800 sevitia-

1406 1837 1528 1889 que‚
1560 1837 1692 1888 pene
1723 1825 1970 1882 adversus
1996 1826 2163 1875 omnis
2188 1828 2283 1875 sevi
2308 1829 2471 1877 homi·

1402 1914 1499 1948 nes
1521 1906 1780 1963 grassatus
1803 1901 1921 1952 est-³
1983 1903 2109 1952 Tum
2133 1907 2473 1966 possessionen

1401 1977 1779 2027 criminabantur
1809 1978 1940 2042 agri,
1970 1978 2167 2029 inserta
2189 1983 2357 2031 media
2381 1995 2469 2032 vo-

1403 2068 1486 2116 ce,
1510 2055 1657 2104 Harl.
1678 2059 1729 2105 2.
1749 2064 1806 2105 et
1834 2056 1970 2107 Hav,
2034 2055 2137 2107 sed
2167 2058 2256 2107 illa
2287 2073 2352 2107 ex
2383 2073 2468 2108 su·

1402 2130 1694 2194 perioribus
1713 2132 1845 2183 male
1867 2133 2093 2196 repetita
2115 2141 2209 2184 est.
2260 2135 2468 2184 Deinde

1399 2208 1611 2256 ermari
1644 2207 1800 2258 babet
1835 2208 2111 2259 Klockiau.
2143 2210 2208 2259 de
2247 2225 2351 2274 qua
2384 2226 2467 2261 ra·

1403 2287 1545 2335 tione
1580 2287 1842 2337 scribendi
1878 2288 1997 2336 vide
2028 2287 2094 2336 ad
2128 2301 2191 2339 11.
2219 2292 2296 2337 12.
2328 2291 2356 2353 ς
2384 2294 2464 2341 16.

1398 2362 1652 2413 Similiter
1670 2378 1728 2414 se
1750 2365 1905 2414 etiam
1926 2365 1978 2413 in
1997 2365 2129 2414 Mss·
2147 2365 2251 2414 suis
2266 2366 2466 2417 ,Insunt

1399 2441 1656 2493 iuvenisse
1688 2442 1888 2493 monuit
1920 2441 2172 2506 Bougars.
2197 2442 2262 2492 ad
2295 2443 2462 2495 locum

1398 2519 1593 2569 Justiu.
1638 2520 1976 2583 posteriorem
2022 2520 2073 2568 iu
2111 2521 2302 2569 variar.
2342 2521 2464 2570 lect·

1399 2595 1595 2645 iibello.
1651 2597 1938 2661 Perperam
1971 2608 2035 2645 ea
2062 2612 2166 2646 vox
2200 2597 2462 2646 omittitur

1397 2673 1451 2722 iu
1477 2673 1627 2722 Port-

1463 2749 1587 2805 Nee,
1629 2751 1747 2813 nisi,
1790 2754 2041 2813 antequam
2083 2749 2241 2798 omia
2287 2750 2461 2813 prori-

1391 2827 1557 2890 piant,
1574 2827 1756 2877 diuisus
1785 2827 1868 2882 sit,
1890 2828 2042 2876 locum
2073 2826 2143 2876 ibi
2171 2825 2300 2889 plebi
2318 2824 2457 2891 sors]

1395 2904 1465 2954 Et
1489 2903 1574 2953 bic
1592 2904 1921 2955 scribendum
1952 2902 2250 2967 precipiunt,
2280 2900 2337 2953 id,
2358 2909 2460 2964 est,

1395 2980 1412 3007 ‘
1437 2982 1580 3044 prius
1610 2981 1854 3045 capiant.’
1917 2978 2004 3031 De
2042 2993 2142 3043 quo
2181 2979 2340 3028 verbo
2372 2993 2459 3028 su·-

1396 3073 1495 3122 pra
1527 3074 1734 3125 quoque
1772 3060 1932 3109 semel
1965 3066 2123 3122 atque
2158 3057 2344 3107 iterum
2366 3057 2459 3106 ad·

1393 3136 1701 3185 monuimus.
1735 3135 1890 3185 Rhen-
1956 3134 2256 3200 tegendum
2285 3135 2461 3197 praci-

1388 3212 1547 3275 piunt,
1588 3220 1646 3262 ut
1683 3213 1917 3263 referunt
1947 3213 2083 3264 Pau.
2108 3226 2287 3262 omnes
2310 3211 2460 3275 Mati,

1391 3295 1449 3336 et
1482 3289 1735 3352 Campani
1773 3289 1857 3339 ed.
1925 3288 2063 3337 Vide
2102 3289 2200 3338 boc
2240 3287 2455 3337 verbum

1391 3365 1581 3426 saepius
1639 3364 1937 3413 restitutum
1987 3364 2219 3424 Nasoni,
2272 3363 2454 3424 Fabio,

1389 3442 1611 3506 aliisque
1649 3442 1699 3492 iu
1737 3442 2065 3493 Juveuilibus
2101 3441 2289 3493 nostris
2327 3453 2366 3491 1.
2407 3444 2455 3491 1.

1390 3517 1541 3568 Infra
1561 3534 1608 3569 c.
1624 3524 1708 3569 26.
1733 3522 1749 3548 4
1768 3520 1884 3569 Nou
1908 3519 2209 3583 praecipiam
2232 3518 2452 3581 gratiam

1392 3595 1586 3659 publici
1605 3594 1877 3645 beneficii!
1895 3595 2052 3644 Gesta.
2087 3594 2312 3658 Vulgata
2328 3600 2451 3642 ante

1389 3671 1696 3721 Rhenanam
1734 3671 1896 3721 lectio
1929 3670 1983 3719 in
2015 3670 2155 3719 nullo
2189 3668 2330 3733 apud
2365 3682 2448 3718 me

1387 3749 1508 3800 cod.
1537 3755 1797 3812 superest,
1829 3749 1926 3797 uisi
1957 3749 2011 3796 in
2032 3760 2148 3798 —uno
2169 3747 2449 3799 Klockiau.

1389 3826 1711 3890 Pracipites-e
1754 3825 1969 3875 exhibet
2012 3824 2162 3891 Harl.
2210 3828 2255 3873 1.
2340 3823 2448 3874 Sed

1384 3917 1540 3969 quum
1565 3902 1845 3954 orationem
1884 3901 2143 3966 obliquam
2167 3901 2450 3964 subjuncti-

1385 3995 1504 4029 vum
1545 3980 1805 4044 requirere
1839 3978 2080 4028 viderent
2111 3978 2327 4041 librarii,
2351 3991 2449 4041 pre

1384 4072 1448 4108 eo
1482 4057 1743 4109 dederunt
1768 4055 2130 4119 praeoipitarent
2147 4054 2198 4104 in
2223 4056 2373 4105 Voss.
2399 4059 2443 4104 1.

1385 4134 1532 4184 Leid.
1555 4138 1607 4184 2.
1639 4140 1695 4181 et
1729 4133 1852 4181 Lov-
1875 4136 1920 4181 1.
1950 4131 2229 4195 precipiunt
2253 4128 2446 4194 praefe-

1382 4219 1507 4263 runt
1531 4211 1673 4261 Flor.
1698 4209 1852 4261 Voss.
1868 4213 1930 4259 2.-
1943 4206 2097 4259 Leid.
2113 4212 2160 4259 1.
2186 4207 2311 4259 [ιον.
2330 4211 2378 4256 2.
2394 4210 2445 4254 3.

1380 4294 1432 4341 4.
1456 4295 1508 4340 5.
1538 4288 1691 4340 Harl.
1708 4291 1759 4340 2.
1780 4285 2003 4339 Gaertu.
2026 4282 2289 4348 etfregm.
2307 4282 2443 4345 flav.
