2934 4925
353 408 646 475 ‘7708

473 567 624 620 lant?
654 570 702 619 τ’.
724 569 786 617 1.“
803 571 818 598 ‘
836 566 994 617 Brevi
1011 565 1170 631 stirps
1181 580 1388 632 quoque
1412 566 1533 616 viri·

476 649 537 698 lis
566 663 631 697 ex
666 662 802 698 novo
835 646 1166 697 matrimonio
1202 644 1333 696 fuit:
1369 645 1536 695 Asea-

474 726 613 774 uium
653 730 898 789 parentes
941 722 1122 772 dixere
1155 736 1377 772 nomen:
1400 721 1414 742 ⁹
1456 723 1535 771 ita

369 807 380 812 '
472 802 646 864 plnres
671 800 823 850 codd.
857 813 950 864 pro
970 800 1049 848 cai
1067 799 1341 850 Ascanium.
1395 799 1533 849 Vide

472 877 703 926 Gronov.
749 878 814 926 ad
852 891 969 926 eum
1005 878 1190 927 locum.
1260 877 1534 926 Praeterea

470 969 636 1003 nomeu
657 960 903 1017 sequentes
916 954 1010 1004 loci
1027 952 1211 1017 fragm.
1229 953 1368 1002 Har.
1388 953 1532 1003 Alibi

471 1045 613 1094 saepe
657 1030 911 1082 ‘nomen’
939 1039 996 1082 et
1034 1030 1251 1084 ‘omen’
1305 1033 1355 1079 in
1399 1032 1532 1080 Mss-

470 1113 871 1156 eommutantur.
888 1107 1023 1156 Vide
1042 1107 1166 1156 Nic.
1180 1106 1448 1158 Heinsium
1464 1108 1535 1157 ad

473 1183 750 1233 claudian.
769 1183 823 1231 iu
841 1182 1115 1247 Eutropa.
1137 1187 1254 1233 ⁴91.
1287 1181 1534 1246 salvagn-

473 1258 542 1309 sd
576 1259 735 1309 Ovid.
771 1260 889 1309 Ibin
910 1273 988 1310 vs.
1026 1263 1140 1311 tol.
1177 1266 1234 1309 et
1255 1258 1433 1309 Bentl.
1463 1259 1532 1309 ad

470 1334 683 1386 Horatii
706 1336 811 1387 od.
834 1349 922 1386 sn.
944 1340 1023 1386 14.
1044 1341 1125 1386 11.
1158 1336 1381 1399 Insuper
1402 1347 1537 1386 ostes

467 1420 686 1477 sequente
706 1414 798 1462 ioci
837 1413 974 1463 Has.
1008 1414 1098 1478 qui
1134 1414 1292 1464 etiam
1323 1415 1536 1468 evadne,

473 1503 567 1552 pro
588 1490 857 1545 condidere,
880 1488 1115 1539 exbibet.

536 1567 676 1616 Car.
711 1579 895 1618 xxxv.
927 1566 956 1628 ᾧ
986 1571 1014 1616 1
1053 1567 1170 1616 Alie
1191 1566 1398 1616 ‘subinde
1432 1579 1537 1616 tna·

469 1653 558 1690 asts
582 1641 980 1705 Cenomanorum]
1015 1641 1192 1706 Atque
1216 1642 1338 1693 binc
1355 1643 1536 1693 existi-

471 1729 574 1777 mo,
595 1720 843 1782 quosdam
869 1720 1059 1768 erroris
1080 1719 1324 1769 sumsisse
1338 1733 1537 1783 ansam,

470 1798 532 1841 nt
551 1792 651 1842 boc
675 1795 787 1843 loco
810 1809 906 1858 pro
943 1795 1314 1844 Cenomanorum
1344 1794 1537 1861 substi-

469 1870 666 1919 tuerint
693 1871 1062 1941 Germanorum,
1079 1886 1180 1938 non
1199 1871 1537 1922 attendentes

469 1947 554 1995 hic
587 1941 830 1997 anteade'
860 1949 1135 1999 Belloveso
1170 1948 1355 2014 ntique
1378 1947 1537 2000 Gallo

473 2022 689 2079 dictum,
710 2025 940 2075 Taurino
963 2025 1095 2075 saltu
1130 2040 1224 2088 per
1252 2027 1417 2075 invias
1441 2024 1536 2075 Al·

472 2112 565 2161 pes
606 2098 814 2148 duxisse
848 2114 987 2161 suos,
1019 2101 1326 2151 subsecutos
1361 2106 1536 2153 autem

472 2173 656 2223 eodem
702 2176 838 2225 saltu
879 2177 1239 2225 Cenomanosz
1290 2175 1428 2241 quod
1467 2176 1536 2247 de

473 2250 768 2307 Germanis,
785 2250 872 2314 qui
898 2251 949 2300 in
976 2252 1301 2302 Tricastinos
1326 2266 1428 2301 non
1449 2265 1538 2303 ve-

472 2334 680 2390 nerant,
703 2326 920 2391 intelligi
946 2341 1049 2377 non
1067 2334 1265 2392 potest.
1306 2328 1538 2379 Praeter-

472 2414 536 2450 ea
568 2402 651 2451 bic
673 2402 943 2453 Gallorum
969 2406 1020 2453 in
1058 2406 1263 2455 Italiam
1289 2405 1539 2456 transitus

473 2481 804 2540 describitur,
828 2494 928 2533 non
965 2486 1179 2534 aliorum
1210 2488 1538 2549 populorum.

473 2555 708 2607 Primum
744 2567 917 2610 autem
961 2558 1135 2610 Livius
1170 2568 1540 2611 commemorat

474 2639 675 2695 septem
703 2635 969 2683 Celtarum
1003 2637 1222 2699 populos
1258 2651 1374 2686 cum
1415 2636 1538 2686 Bel·

472 2709 650 2758 loveso
688 2710 895 2761 venisse
934 2713 985 2761 in
1017 2713 1254 2764 Italiam:
1295 2722 1413 2778 post
1446 2715 1540 2762 iios

474 2785 815 2849 Cenomanos,
855 2789 1020 2839 tertio
1070 2790 1292 2851 Salvios,
1348 2799 1540 2857 quarto

473 2863 635 2911 Boios
659 2864 1044 2928 Lingonesque,
1085 2865 1265 2914 ultimo
1285 2866 1541 2931 Senones,

473 2936 562 3000 qui
604 2937 824 2988 Romam
864 2939 1127 2988 delevere.
1195 2941 1450 2991 Fortassis
1485 2949 1540 2991 et

472 3012 594 3061 inde
616 3014 850 3080 decepti,
889 3016 1025 3081 quod
1067 3030 1274 3066 sensum
1312 3018 1541 3069 auctoris

472 3102 576 3136 non
625 3098 768 3139 recte
808 3102 1181 3156 perceperunt.
1246 3095 1364 3144 Non
1399 3096 1540 3145 enim

474 3164 649 3215 Livius
688 3167 797 3215 vult
840 3168 1037 3227 dicere,
1102 3172 1427 3221 Cenomanos
1469 3170 1544 3219 ibi

475 3243 862 3292 transcendisse
920 3245 1104 3308 Alpes,
1140 3246 1228 3295 ubi
1266 3246 1450 3294 Brixia
1482 3260 1543 3295 ao

475 3316 689 3365 Verona
710 3325 849 3381 sunt,
870 3319 983 3383 sed,
1008 3328 1281 3385 postquam
1307 3336 1400 3384 per
1420 3322 1544 3371 Bet·

475 3392 636 3440 levesi
674 3395 896 3456 vestigia
939 3397 993 3444 iu
1039 3396 1248 3445 Italiam
1284 3398 1547 3460 venerint,

476 3467 776 3518 consedisse
800 3470 864 3519 ad
903 3485 965 3520 ea
990 3472 1122 3534 locs,
1149 3472 1426 3538 (videlicet
1462 3488 1544 3523 su-

477 3541 769 3604 perioribus
789 3549 1060 3612 occupatis
1078 3563 1173 3612 per
1196 3549 1445 3615 priores‚)
1455 3550 1547 3599 nbi

476 3633 611 3669 nunc
635 3621 817 3671 Brixia
839 3639 902 3673 ae
932 3625 1158 3683 Verona,
1188 3641 1305 3690 qnae
1333 3616 1544 3692 quidem

476 3704 634 3744 antea
672 3699 952 3750 Libuornm
995 3709 1165 3753 erant.
1234 3705 1305 3753 Et
1344 3705 1546 3754 Plinius

478 3783 569 3819 ιιι.
595 3777 674 3821 19.
729 3775 961 3825 Brixiam
1003 3778 1417 3831 Cenomanorum
1458 3794 1546 3829 ura

475 3845 593 3894 bem
616 3846 831 3913 fatetur,
868 3855 1299 3916 quemadmodum
1337 3863 1392 3905 et
1415 3856 1546 3906 Pto·

476 3923 687 3989 lemaeus
726 3940 811 3976 ιιι.
834 3934 884 3978 2.
937 3936 993 3979 et
1031 3931 1212 3981 Livius
1248 3949 1451 3998 quoqne
1480 3934 1546 3982 de

479 3999 630 4049 Bello
672 4003 1014 4055 Macedonico
1052 4019 1115 4056 11.
1152 4012 1236 4059 30.
1289 4008 1432 4058 Βίαν.
1481 4010 1545 4059 In

476 4077 735 4125 nonnullis
766 4079 900 4128 Livii
924 4085 1306 4145 exemplaribus
1346 4085 1547 4135 Germa-

476 4166 643 4201 norum
663 4154 884 4203 babetur
903 4158 1205 4208 vocabulum
1226 4176 1239 4209 ε
1268 4161 1404 4210 unde
1424 4162 1547 4211 doc·

1163 420 1381 472 1⁴01*AE
1431 421 1530 470 VA
1542 420 1838 472 aionon
1888 421 1971 472 ΙΝ

1607 566 1713 628 sit3
1742 566 1936 631 quidne
1974 566 2027 615 in
2063 562 2253 616 tabulis
2291 563 2495 631 qnoque
2532 575 2670 615 mars

1605 644 1793 693 morsis
1846 643 2222 705 triumphorum
2260 643 2670 707 orationumque

1606 719 1793 772 ducum
1830 719 2199 777 Romanorum,
2230 733 2346 785 quae
2387 719 2570 770 Romus
2616 720 2671 768 in

1607 796 1869 860 Capitolio
1914 797 2070 847 etiam
2110 809 2248 846 nunc
2288 798 2550 851 visuntur,
2590 797 2671 850 ita

1606 875 1855 937 seriptum
1901 881 1983 923 est
2018 892 2033 924 ε
2091 887 2157 925 ιι.
2191 885 2483 924 cmvmvs.
2517 884 2671 922 naa-

1608 962 1830 999 cauus.
1850 963 1966 1000 eos.
1999 963 2090 999 nu.
2123 962 2376 1000 nausis.
2412 961 2670 999 navant*

1605 1040 1856 1078 uva-2112
1911 1040 2257 1078 canuaninis.
2313 1038 2498 1079 ιεανις.
2547 1034 2673 1074 31·οὸ

1608 1118 1716 1155 ιη.
1768 1118 1973 1156 orista.
2021 1117 2307 1156 amem.
2334 1116 2501 1153 nvos.
2537 1115 2672 1153 nos»

1604 1194 1765 1230 nvn.
1798 1194 2176 1232 vennvuuto.
2197 1194 2294 1232 An.
2332 1185 2672 1232 cusrtmvst

1608 1259 1977 1310 susannem.
2024 1272 2123 1310 an.
2186 1270 2388 1311 nxxxr.
2474 1259 2672 1308 Verum

1610 1347 1759 1400 quam
1783 1335 2086 1386 doctissime
2114 1336 2332 1387 Carolus
2351 1335 2596 1399 Sigonius
2618 1335 2673 1384 in

1608 1413 1776 1462 Fastis
1798 1412 1903 1462 suis
1937 1420 2138 1474 monet,
2175 1413 2522 1462 &manorum
2556 1411 2675 1462 hele

1610 1488 1815 1537 nomine
1853 1489 2074 1554 intelligi
2108 1503 2197 1539 eos
2232 1504 2359 1553 quos
2393 1487 2588 1551 Polyb.
2609 1500 2674 1537 ιι.

1607 1568 1692 1614 22.
1726 1573 1783 1615 et
1802 1578 1950 1630 seqq.
1984 1566 2296 1615 Plutarchus
2326 1564 2382 1616 iu
2415 1564 2677 1630 Marcello

1576 1651 1663 1703 ·p.
1701 1644 1816 1691 29⁹.
1862 1646 1919 1689 et
1954 1641 2169 1691 Orosius
2212 1654 2303 1691 ιιι.
2345 1645 2429 1693 18.
2486 1646 2678 1691 vocant

1611 1717 1836 1769 Gaesstos
1874 1719 2091 1770 Gallost
2126 1719 2218 1783 qui
2257 1720 2326 1770 ab
2365 1719 2677 1770 Insubribus

1609 1796 1855 1845 mercede
1879 1797 1943 1845 ad
1964 1797 2063 1847 boc
2080 1796 2273 1847 bellum
2299 1798 2553 1847 adversus
2574 1795 2680 1845 Ro·

1608 1887 1786 1922 manos
1820 1887 1852 1922 e
1872 1873 2049 1924 Gallia
2068 1874 2408 1938 Transalpina
2430 1870 2681 1922 conducti

1610 1947 1838 2000 fuerant.
1872 1957 1888 1981 ‘
1906 1950 2261 1999 Cenomanos'
2292 1956 2469 1999 autem
2488 1948 2542 1997 in
2567 1946 2680 1996 Its·

1609 2025 1680 2073 lia
1703 2024 1884 2075 Gallos
1907 2026 2075 2075 socios
2111 2024 2271 2074 fuisse
2306 2026 2681 2085 Romanorum,

1609 2114 1713 2151 non
1746 2102 1944 2162 hostes,
1979 2097 2189 2149 disertis
2223 2100 2397 2149 verbis
2452 2093 2684 2149 testetur

1611 2175 1803 2230 ibidem
1826 2176 2079 2241 Polybius
2115 2192 2164 2225 c.
2199 2180 2283 2227 24.
2349 2176 2455 2226 Sed
2488 2187 2680 2225 nomeu

1611 2253 1664 2303 id
1699 2266 1826 2317 gens
1859 2268 1926 2303 ex
1961 2253 2137 2304 Gallia
2174 2254 2227 2301 in
2259 2253 2465 2302 Italiam
2501 2265 2680 2302 secum

1613 2327 1810 2384 attulit,
1833 2329 2026 2393 quidpe
2056 2328 2282 2378 testibus
2309 2328 2519 2377 Caesare
2543 2325 2686 2376 Belli

1610 2404 1805 2455 Gallici
1844 2406 2134 2454 comment.
2161 2417 2268 2454 vn.
2303 2408 2388 2453 75.
2422 2411 2479 2452 et
2503 2402 2681 2453 Plinio

1613 2496 1692 2534 tv.
1733 2487 1812 2537 18.
1845 2496 1908 2532 ac
1949 2481 2243 2531 Ptolemaeo
2274 2492 2338 2530 11.
2366 2485 2415 2529 8.
2484 2479 2551 2527 In
2591 2480 2683 2528 de·

1612 2559 1899 2622 scriptione
1919 2557 2108 2608 Gallias
2130 2555 2441 2608 Aulercorum
2464 2555 2684 2618 duopo·

1614 2635 1870 2687 tissimum
1911 2633 2124 2683 fuerunt
2165 2634 2218 2682 in
2256 2633 2433 2683 Gallia
2470 2644 2683 2694 genera,

1614 2712 1939 2762 contermina
1971 2711 2068 2761 sibi
2101 2710 2344 2771 invicem,
2364 2721 2586 2773 quornm
2610 2707 2683 2756 alt·

1616 2791 1712 2838 teri
1734 2787 2237 2851 cognominabantur
2254 2789 2271 2817 ‘
2292 2786 2618 2851 Eburovices
2636 2802 2657 2835 τ
2670 2782 2688 2805 ’

1614 2867 1764 2915 ιιιιιΙοΔ
1796 2873 1956 2929 carnit
1994 2878 2173 2913 eorum
2227 2866 2244 2894 ‘
2281 2863 2642 2914 Mediolanum
2666 2858 2685 2886 '

1615 2942 1894 3008 quondam,
1941 2941 2202 3006 hodieque
2246 2940 2301 2988 in
2361 2937 2684 2989 Normannia

1616 3026 1836 3068 vocatur
1872 3017 2081 3066 detorto
2117 3016 2286 3079 gentis
2322 3014 2577 3064 vocabulo
2615 3014 2686 3061 Ε’-

1614 3110 1782 3145 urestoe.
1849 3093 2017 3142 Alteri
2063 3092 2377 3141 dicebantur
2432 3091 2448 3117 ‘
2469 3087 2685 3138 Aulerci

1617 3171 1941 3233 Cenomani,'
1961 3184 2179 3234 quornm
2201 3167 2531 3232 caput,apnd
2555 3165 2685 3216 Pto-

1618 3250 1855 3298 lemaeum
1889 3255 1907 3280 ⁸
1931 3244 2283 3301 Vindunnm.’
2319 3245 2473 3294 bodie
2509 3243 2689 3306 adpel-

1616 3325 1758 3375 latnr
1779 3323 1850 3374 Le
1873 3324 2038 3384 Mans,
2056 3330 2110 3371 et
2134 3322 2277 3383 regio
2303 3322 2418 3384 ipsa
2440 3322 2484 3370 le
2505 3319 2692 3370 Maiae.

1619 3401 1709 3450 lili
1732 3410 1850 3449 cum
1875 3401 1989 3449 aliis
2018 3412 2176 3462 supra
2199 3399 2498 3447 memoratis
2524 3409 2691 3459 popu-

1622 3476 1685 3525 lis
1740 3475 1758 3505 ‘
1779 3475 2077 3525 Insubrium
2097 3470 2112 3498 ’
2167 3482 2375 3538 gentem
2422 3473 2474 3521 in
2532 3470 2689 3520 Italia

1620 3553 2026 3609 constituerunt,
2061 3557 2324 3614 caputque
2348 3547 2519 3610 gentis
2544 3552 2560 3575 ‘
2576 3546 2692 3595 Me·

1619 3627 1922 3677 diolanum.’
1987 3626 2059 3676 Hi
2096 3626 2269 3690 patrio
2303 3625 2530 3679 nomine,
2554 3620 2688 3688 qnod

1622 3703 1776 3752 domo
1815 3703 2121 3765 attulerant,
2159 3708 2368 3751 retento
2392 3701 2552 3764 juxta
2583 3710 2690 3758 eos,

1620 3794 1748 3844 quos
1771 3780 1910 3828 domi
1924 3778 2454 3829 etiameonterminos
2471 3786 2688 3824 consan-

1623 3856 1943 3920 guineosque
1982 3855 2291 3917 habuerant,
2323 3851 2690 3901 consederunt.

1623 3931 1829 3981 Plinius
1854 3945 1945 3981 ιιι.
1967 3935 2043 3980 19.
2078 3937 2093 3958 ·
2114 3930 2177 3978 In
2201 3929 2591 3978 mediterraneo
2612 3936 2692 3974 re‘·

1599 4009 1788 4071 ,giouis
1846 4009 2075 4058 Decimae
2120 4007 2360 4062 coloniae,
2414 4006 2693 4065 Cremona,

1622 4084 1826 4147 Brixia,
1870 4085 2283 4134 Cenomanorum
2320 4096 2485 4145 sgro;
2524 4081 2693 4130 Vene-

1625 4166 1795 4210 torum
1834 4168 2008 4210 antem
2032 4159 2238 4208 Ateste.
2304 4159 2542 4207 Venetos
2572 4157 2696 4205 Tro·
2753 4209 2763 4217 ,

480 4227 549 4276 tis
592 4229 748 4278 etiam
806 4229 929 4278 viris
982 4237 1339 4286 controversia
1387 4244 1547 4297 mota,
1611 4236 1741 4299 jana
1783 4238 1946 4301 stirpe
1989 4245 2131 4286 ortos
2175 4242 2360 4284 auctor
2406 4240 2490 4283 est
2526 4233 2694 4291 Cato;

479 4311 656 4357 utrum
701 4306 1007 4360 vocabulum
1051 4312 1215 4376 magis
1251 4314 1546 4395 »genuinum

1622 4315 1945 4366 Cenomanos
1959 4312 2112 4376 juxta
2126 4310 2412 4361 Massiliam
2433 4308 2696 4358 habitasse
