2934 4925
457 381 638 453 7826

457 543 713 608 intelligo,
761 541 888 609 quid
937 541 1032 593 sibi
1079 553 1177 607 per
1215 540 1521 592 solitudinem

458 621 614 670 velit:
650 628 723 677 et,
748 635 861 684 que
894 627 1200 684 sequuntur,
1221 632 1321 667 non
1344 618 1520 667 edmo-

459 695 581 745 dum
603 697 742 746 clara
763 703 903 746 sunt·
948 694 1131 746 Utitur
1154 695 1288 745 libro
1309 708 1522 759 sequen·

459 772 502 822 ti
525 784 698 821 rursus
720 773 814 822 hec
836 785 964 822 voce
985 770 1055 820 de
1073 771 1279 820 Volscis
1302 770 1519 835 loquens

461 862 510 898 c.
532 852 612 899 12.
634 849 651 877 ‘
671 850 802 901 Quae
822 863 980 911 nnnc,
1002 848 1091 897 vix
1114 847 1388 896 seminario
1413 846 1523 895 exi·

460 941 563 990 guo
583 927 804 978 militum
826 928 1033 989 relicto,
1051 926 1268 976 servitia
1290 926 1524 975 Romans

460 1001 527 1052 ab
549 1002 827 1054 solitudine
851 1001 1154 1052 vindicant.'
1190 1001 1330 1050 Glar-
1394 1000 1522 1050 Sen-

465 1094 573 1143 sus,
616 1094 768 1145 quom
811 1095 867 1129 se
911 1080 1181 1145 percipere
1227 1094 1327 1129 non
1372 1094 1524 1144 posse

466 1156 757 1206 Glareanus
790 1170 856 1205 ex
881 1156 961 1205 bis
995 1155 1168 1206 verbis
1200 1154 1416 1218 fatetur,
1439 1156 1526 1207 hic

466 1239 579 1282 est:
615 1230 669 1279 Si
690 1231 840 1295 AEqui
854 1231 1130 1295 Volscique
1154 1232 1366 1281 Romam
1389 1246 1527 1282 com-

465 1308 690 1368 migrent
714 1321 745 1356 a
765 1306 911 1357 vobis
933 1307 1367 1370 relictsm‚nonne
1384 1310 1528 1358 mali·

468 1385 537 1434 tis
560 1385 742 1436 Romae
773 1386 1105 1436 solitudinem
1138 1388 1269 1437 hanc
1300 1394 1528 1439 vestram

470 1475 602 1524 esse,
647 1477 803 1526 quam
847 1462 1028 1512 urbem
1067 1464 1312 1518 hostium,
1333 1465 1530 1515 Veios?

471 1535 783 1588 Solitudinem
822 1548 992 1589 autem
1038 1540 1229 1589 iccirco
1273 1542 1365 1598 ait,
1410 1542 1532 1606 quia

470 1622 724 1666 vastatam
763 1630 795 1664 a
829 1615 995 1664 Gallis
1017 1615 1232 1666 Romam
1268 1618 1414 1680 plebs
1442 1618 1532 1666 de-

471 1704 647 1741 serere
692 1691 955 1753 cupiebat,
996 1697 1052 1742 et
1094 1694 1252 1742 Veios
1295 1695 1533 1744 transmi-

473 1782 643 1830 grare.
710 1769 828 1817 Hoc
871 1777 1040 1818 autem
1081 1771 1191 1819 vult
1231 1770 1309 1820 is:
1347 1772 1534 1821 Nonne

472 1846 672 1895 relictis
710 1854 815 1895 tum
847 1847 993 1895 Veiis
1032 1844 1097 1896 ad
1130 1848 1344 1897 Romam
1383 1863 1535 1898 occu·

473 1923 698 1986 pendam
738 1923 1045 1973 recurretis?
1092 1924 1133 1988 [⁴
1165 1926 1369 1974 Docere
1410 1925 1535 1975 Gle-

473 2013 685 2049 rennum
701 2000 904 2055 nititur,
922 2000 1013 2049 sed
1037 2000 1080 2049 is
1105 2016 1251 2065 seque
1274 2001 1539 2066 intelligit,

474 2090 537 2125 ac
558 2085 743 2138 antea3
775 2077 873 2126 hoc
897 2084 998 2142 est,
1022 2077 1151 2127 dicit
1179 2094 1234 2128 se
1259 2094 1359 2129 non
1384 2081 1536 2131 intel·

476 2146 660 2218 ligere,
692 2161 747 2203 et
770 2154 857 2204 vix
880 2156 1069 2211 credit,
1103 2155 1390 2219 sigonium,
1414 2158 1536 2222 quid

475 2233 700 2297 diceret,
717 2233 1092 2297 intellexisse.']
1112 2234 1280 2294 Sigon.
1319 2236 1539 2286 Veteres

473 2308 604 2359 edd.
632 2325 695 2358 en
716 2310 913 2360 molitis.
981 2310 1301 2360 Sententiam
1324 2314 1397 2362 ait
1422 2327 1539 2363 esse

477 2386 629 2449 hujus
662 2386 760 2435 loci
793 2386 1031 2450 Sigonius
1075 2389 1261 2438 talemz
1305 2388 1361 2439 Si
1387 2390 1538 2454 AEqui

477 2464 760 2528 Volscique
773 2464 989 2514 Romam
1004 2466 1338 2529 commigrent
1352 2482 1381 2515 a
1393 2469 1539 2517 vobis

481 2541 737 2597 relictam,
771 2555 940 2590 nonne
974 2541 1167 2590 malitis
1202 2542 1381 2592 Romae
1417 2546 1541 2594 soli·

482 2618 732 2680 tudinem,
753 2634 903 2682 qnam
920 2619 1101 2668 'urbem
1125 2620 1347 2669 hostium
1364 2618 1542 2670 Veios.

482 2697 659 2746 Errat.
695 2697 879 2746 Potius
919 2697 1034 2746 haec
1069 2702 1150 2746 est
1186 2711 1362 2746 mens:
1396 2698 1540 2747 Prae-

481 2770 619 2821 ferre
643 2772 845 2822 debetis
867 2771 1149 2822 desolatam
1166 2772 1367 2834 urbem,
1388 2787 1541 2836 quem

485 2848 808 2913 permittere,
826 2855 886 2898 ut
908 2849 996 2902 illa
1020 2847 1085 2897 ab
1110 2847 1287 2911 AEquis
1315 2848 1539 2898 Volscis·

481 2938 584 2988 que
610 2932 917 2988 occupetur.
948 2925 1136 2975 Pake.
1176 2925 1291 2974 Non
1328 2925 1543 2988 equidem

481 3001 681 3056 mlitis,
701 3000 822 3050 hunc
842 3001 1143 3051 solitudinem
1159 3007 1379 3058 oestrum,
1405 3017 1545 3064 quum

484 3076 643 3126 urbem
672 3091 771 3126 esse
802 3073 1042 3126 hostium?
1071 3077 1175 3126 Sed
1197 3075 1257 3126 τὸ
1278 3078 1490 3140 equidem
1514 3092 1544 3126 a

485 3153 725 3217 sequenti
760 3153 972 3216 periodo
1003 3152 1103 3203 huc
1129 3153 1354 3217 irrepsit.
1390 3155 1545 3205 Gebh.

490 3230 777 3280 Glareanus
800 3227 1016 3286 fatetur,
1031 3243 1086 3277 se
1103 3243 1206 3278 non
1232 3231 1544 3295 intelligere,

490 3303 614 3368 quid
636 3305 809 3354 Livius
827 3300 927 3353 'sibi
962 3318 1058 3366 per
1082 3307 1379 3356 solitudinem
1401 3310 1544 3367 velit,

489 3393 609 3444 nec,
631 3395 745 3444 quse
783 3386 1068 3444 sequuntur
1098 3382 1373 3432 admodum
1407 3386 1548 3435 clara

491 3471 622 3507 esse.
668 3457 909 3524 Sigonius
929 3457 1064 3507 hunc
1089 3472 1202 3508 esse
1220 3473 1423 3508 sensum
1441 3461 1547 3512 ait:

491 3535 683 3587 Nonne
741 3535 935 3584 malitis
988 3535 1170 3586 Romae
1218 3537 1549 3588 solitudinem

489 3614 626 3665 hanc
647 3622 871 3663 vestram
895 3627 1027 3679 esse,
1051 3629 1202 3678 qnam
1229 3614 1411 3663 urbem
1432 3615 1550 3666 hos-

491 3689 618 3739 tium
653 3691 845 3740 Veios?
901 3691 999 3741 cui
1042 3693 1231 3743 merito
1266 3693 1551 3756 respondet

493 3765 802 3828 Glareanus,
816 3781 961 3831 aeque
982 3782 1119 3817 nnnc
1143 3769 1241 3818 sibi
1264 3770 1456 3832 lucere,
1471 3778 1550 3820 at·

492 3855 595 3904 que
610 3849 849 3904 antea,et
868 3843 951 3891 vix
966 3842 1200 3904 credere,
1218 3844 1385 3908 ipsum
1402 3846 1551 3909 Sigo-

492 3917 634 3964 nium
658 3917 781 3980 quid
819 3918 1024 3968 diceret
1058 3920 1393 3970 intellexisse·
1419 3923 1554 3973 Mss-

494 3991 752 4055 Andreas,
774 3993 907 4045 Ven.
929 3995 1084 4046 Tarv.
1115 3997 1263 4061 Mog.
1294 3996 1420 4048 Asc.
1455 4000 1552 4049 Ss-

494 4075 603 4118 vet.
621 4083 683 4117 un
703 4070 897 4120 malitis.
961 4072 1033 4122 Et
1062 4072 1137 4122 sic
1176 4073 1448 4137 legendum
1473 4088 1554 4124 ra·

496 4146 571 4195 tio
613 4146 826 4195 evincit.
898 4146 1018 4197 Duo
1069 4150 1315 4213 proponit
1357 4150 1556 4214 pariter

499 4222 723 4274 absurda
741 4229 800 4273 et
821 4222 1164 4274 detestanda:
1200 4225 1318 4277 ideo
1341 4227 1555 4290 subjici-

502 4308 607 4365 tur,
627 4299 643 4326 ‘
662 4313 767 4353 non
789 4299 1028 4367 equidem
1052 4300 1222 4366 video,
1243 4303 1367 4369 quid
1388 4293 1554 4369 magis

1156 399 1377 450 NOTAE
1426 397 1830 450 VARIORUM
1872 397 1960 449 ΙΝ

1592 540 1741 593 nefas
1776 542 1881 594 sit!
1946 544 2086 607 Ergo
2122 549 2178 594 et
2208 540 2356 593 nefas
2388 545 2473 593 est
2508 542 2651 606 illud,

1594 618 1732 683 quod
1763 634 1865 669 non
1897 620 2285 680 intellexerunt,
2308 627 2325 651 ·
2349 620 2501 668 malle
2520 620 2651 669 hanc

1593 696 1942 758 solitudinem,
1959 713 2112 762 quam
2131 696 2313 747 urbem
2335 696 2558 747 hostium
2578 712 2653 745 es·

1595 771 1701 822 se:’
1749 786 1847 823 nec
1887 781 2061 837 potest
2094 773 2220 823 ferri
2254 785 2347 822 non
2385 772 2588 833 malitis,
2625 788 2656 821 a

1594 848 1806 912 Sigonio
1853 850 2148 913 probatum.
2210 850 2473 900 Neutrum
2517 852 2655 900 enim

1598 923 1791 976 debere
1811 925 1926 975 illos
1949 927 2099 976 malle
2118 927 2230 976 vult
2249 926 2516 977 Camillus.
2582 928 2656 990 Si,

1601 1002 1783 1068 inquit,
1805 1010 2142 1067 posteaquam
2166 1017 2257 1054 vos
2281 1004 2557 1053 ruderibus
2578 1004 2657 1052 his

1600 1085 1657 1128 et
1700 1080 1967 1143 parietinis
2007 1080 2358 1140 decesseritis,
2395 1081 2657 1144 Veiosque

1600 1156 1961 1219 migraveritis,
1994 1164 2102 1206 tum
2133 1172 2232 1207 non
2259 1157 2469 1222 quidem
2502 1157 2662 1214 Galli,

1601 1233 1692 1281 sed
1719 1233 1802 1282 alii
1825 1233 1997 1282 Italiae
2023 1235 2218 1298 populi,
2237 1234 2492 1298 imprimis
2513 1233 2661 1296 AEqui

1605 1317 1659 1358 et
1680 1308 1878 1370 Volsci,
1899 1311 2140 1373 perpetui
2160 1310 2362 1372 hostes,
2384 1310 2552 1358 solnm
2570 1308 2662 1357 de-

1604 1385 1842 1435 relictum
1863 1387 2144 1435 condendae
2168 1387 2306 1436 urbis
2324 1400 2487 1436 causa
2509 1400 2662 1436 occu-

1605 1468 1752 1526 pent,
1772 1463 1893 1527 quid
1930 1464 2057 1512 estis
2087 1462 2313 1513 facturi?
2347 1464 2540 1513 Utrum
2577 1478 2663 1526 pa-

1607 1540 1805 1590 tiemini
1834 1542 1948 1590 illos
1972 1541 2224 1598 habitare,
2245 1550 2299 1590 et
2320 1540 2444 1590 inde
2471 1541 2666 1590 adscis-

1604 1630 1729 1666 cere
1770 1632 1955 1667 nomen
2000 1618 2365 1675 Romanorum,
2406 1633 2530 1667 cum
2579 1632 2666 1665 vos

1606 1694 1856 1744 Veientes
1894 1695 2168 1757 dicemini;
2205 1711 2269 1745 an
2305 1697 2542 1760 placebit
2580 1710 2668 1759 po·

1610 1772 1733 1833 tius,
1754 1773 1920 1822 locum
1942 1771 2098 1829 hunc,
2116 1773 2201 1821 ubi
2224 1786 2363 1822 nunc
2387 1778 2469 1821 est
2484 1772 2670 1833 Rome,

1609 1848 1874 1898 desertum
1899 1864 2101 1907 vacare,
2128 1857 2183 1898 et
2217 1864 2428 1898 manere
2451 1850 2669 1898 vastita-

1611 1934 1715 1973 tem
1748 1933 1803 1974 et
1841 1925 2170 1974 solitudinem
2212 1934 2399 1974 vestros
2437 1926 2672 1987 ditionis,

1610 2016 1760 2066 quam
1796 2000 2120 2065 frequentari
2154 2003 2219 2051 ab
2258 2002 2516 2065 hostibus,
2553 2002 2673 2051 illo·

1612 2093 1827 2142 rumqne
1851 2079 2029 2128 urbem
2066 2086 2119 2128 et
2153 2078 2529 2128 habitationem
2555 2077 2673 2128 red·

1611 2155 1701 2203 di?
1736 2155 1966 2205 Quorum
1998 2162 2276 2218 utrumque
2294 2169 2413 2204 eum
2449 2154 2520 2204 sit
2551 2153 2672 2203 abo-

1610 2229 1927 2293 minandum,
1949 2230 2147 2294 colligit
2171 2230 2310 2289 inde,
2330 2229 2530 2279 debere
2552 2228 2670 2279 illos

1612 2307 1883 2356 consilium
1929 2306 1995 2355 de
2028 2306 2299 2369 migrando
2342 2306 2501 2354 Veios
2536 2306 2675 2370 abji-

1608 2397 1750 2440 cere,
1768 2390 1824 2433 et
1848 2382 2027 2433 urbem
2051 2384 2312 2432 incensam
2331 2397 2392 2433 uc
2411 2390 2672 2432 vastatam

1610 2460 1949 2511 reaedificare.
1981 2462 2038 2510 J.
2060 2462 2122 2511 F.
2151 2460 2302 2511 Grou.
2371 2462 2490 2511 Non
2532 2462 2675 2510 mali-

1612 2540 1697 2604 tis,
1717 2555 1810 2603 pro
1833 2556 1934 2604 qno
1958 2548 2101 2591 recte
2124 2541 2420 2591 Gronovius
2442 2555 2514 2589 ‘un
2535 2541 2674 2591 muli-

1611 2617 1677 2665 tis
1709 2616 2082 2666 restituendum
2117 2617 2312 2674 docuit,
2338 2619 2556 2680 primum
2581 2617 2676 2665 ob-

1612 2696 1774 2744 currit
1802 2696 1944 2759 apud
1969 2694 2182 2756 Aldum,
2201 2702 2259 2745 et
2287 2695 2427 2751 inde,
2449 2710 2555 2744 una
2584 2708 2678 2744 ex·

1610 2779 1767 2836 cepta
1787 2771 2142 2827 Saveteriana,
2159 2772 2211 2821 in
2230 2773 2467 2822 omnibns
2495 2786 2678 2821 recen-

1614 2848 1849 2898 tioribus.
1918 2849 2103 2900 Eidem
2144 2855 2410 2912 corruptoe
2462 2849 2678 2899 lectioni

1613 2923 1796 2975 favent
1829 2926 1986 2974 etiam
2030 2926 2265 2990 plerique
2290 2925 2449 2975 codd.
2516 2926 2678 2975 Certe

1615 3015 1708 3050 nott
1739 3001 1921 3051 malitis
1957 3008 2038 3051 est
2075 3003 2128 3051 in
2166 3003 2313 3052 Voss.
2350 3005 2401 3052 2.
2440 3002 2593 3051 Leid.
2630 3005 2679 3050 1.

1618 3077 1748 3127 Lov.
1790 3083 1836 3127 l.
1872 3082 1924 3127 2.
1956 3083 2007 3129 3.
2051 3078 2269 3128 Gaertn.
2308 3076 2497 3141 fragm.
2539 3079 2681 3128 Hsv.

1619 3153 1838 3203 Hesi-nii
1876 3156 2049 3205 Oxou.
2083 3155 2154 3204 N.
2184 3169 2247 3204 ac
2276 3155 2341 3205 C.
2375 3161 2433 3204 et
2453 3155 2608 3204 Voss.
2631 3158 2680 3205 1'.

1592 3270 1599 3275 .
1616 3246 1652 3280 a
1670 3246 1742 3281 m.
1765 3231 2179 3294 interpolatrice,
2200 3245 2354 3296 quum
2379 3238 2541 3281 antes
2559 3231 2681 3280 hanc

1616 3308 1798 3358 malitis
1814 3309 1936 3358 hunc
1953 3309 2255 3359 solitudinem
2276 3309 2531 3372 scriptum
2562 3307 2683 3358 fuis-

1620 3394 1719 3436 set.
1790 3387 1899 3436 Non
1924 3388 2148 3450 equidem
2185 3386 2368 3436 malitis
2399 3387 2454 3434 in
2483 3386 2611 3436 Lov.
2633 3391 2683 3436 4.

1621 3467 1672 3511 ⁶.
1705 3463 1857 3512 Harl.
1892 3467 1939 3513 2.
1983 3463 2130 3512 Port.
2173 3470 2230 3513 et
2272 3463 2406 3512 Hav.
2489 3463 2683 3514 Verum

1620 3540 1832 3602 equidem
1857 3553 1925 3589 ex
1961 3540 2202 3603 sequenti
2236 3538 2453 3600 periodo
2476 3540 2582 3590 huc
2612 3540 2688 3589 in-

1621 3615 1866 3678 repsisse,
1906 3621 2052 3664 recte
2104 3614 2414 3664 Gebhardus
2471 3615 2685 3665 monuit.

1620 3691 1844 3742 Interim
1863 3699 2056 3753 tamen,
2069 3691 2202 3755 quod
2223 3691 2296 3739 ita
2311 3690 2522 3755 quidam
2536 3692 2688 3742 codd.

1623 3768 1925 3828 exhibeant,
1967 3782 2149 3818 caussa
2187 3767 2423 3829 exstitit,
2472 3776 2532 3819 nt
2579 3776 2687 3818 tots

1624 3843 1738 3894 baec
1763 3844 2000 3907 periodus
2023 3844 2357 3894 omitteretur
2379 3844 2432 3893 in
2462 3845 2615 3895 Leid.
2641 3850 2686 3895 2.

1627 3923 1765 3972 Vera
1792 3922 1969 3987 itaque
2005 3922 2261 3985 scriptura
2296 3923 2347 3971 iu
2386 3924 2512 3972 solis
2550 3923 2687 3987 apud

1626 4014 1711 4049 me
1734 4006 1975 4063 superest
1991 3999 2199 4050 Harlil.
2213 4007 2268 4048 et
2285 4000 2424 4048 Flor.
2447 4014 2480 4048 a
2499 4014 2569 4048 m.
2582 4014 2687 4049 sec.

1626 4074 1679 4123 in
1704 4089 1807 4141 quo
1828 4074 2087 4124 ammalitis
2109 4079 2223 4123 erat
2250 4089 2280 4123 a
2302 4089 2369 4123 m.
2393 4089 2474 4138 pr.
2532 4076 2690 4125 Cete-

1629 4165 1740 4201 rum
1775 4151 2151 4216 expositionem
2186 4151 2575 4200 Gronovisnam
2614 4151 2688 4200 in·

1627 4227 1871 4278 lustravit
1889 4241 1949 4276 ac
1971 4226 2197 4276 firmavit
2217 4226 2334 4278 Jac.
2355 4228 2602 4276 Perizon.
2625 4229 2690 4275 ad

1628 4305 1914 4370 marginem
1952 4303 2084 4355 Livii
2118 4302 2379 4369 adscripto
2413 4304 2529 4356 loco
2562 4304 2691 4355 Plu·
