2934 4925
493 411 670 479 ‘7910

495 570 865 634 credidissent,
905 567 1062 620 fldem
1105 584 1252 621 suam
1287 567 1560 634 prastitis-

489 648 614 701 set.'
646 648 826 699 Χῖοι-1ο.
891 647 1017 697 Νοιι
1054 662 1222 704 secus,
1262 661 1414 711 qnam
1435 646 1562 696 iden

490 725 653 777 muri
670 725 829 789 σαφῆ,
851 724 1075 775 babetur
1089 725 1141 774 in
1166 724 1284 774 Pal.
1306 727 1355 773 2.
1389 729 1561 773 veter-

492 801 739 866 rimisque
773 801 895 852 edd.
965 798 1196 850 Faernus
1230 806 1405 850 temen
1439 811 1558 847 cum

489 878 734 933 sentiret,
756 890 925 942 neque
947 876 1024 926 M.
1056 875 1310 925 Manlium
1332 874 1399 923 de
1421 874 1560 937 agris

489 952 635 1017 plebi
657 951 861 1014 dandis,
898 958 958 1002 ut
992 952 1086 1016 Sp.
1110 950 1365 1008 Cassium,
1388 963 1560 1013 neque

488 1027 753 1079 frumento
784 1027 1088 1089 dividendo,
1116 1035 1177 1077 ut
1207 1027 1300 1090 Sp.
1322 1025 1560 1075 Maelium

487 1101 749 1164 agitasse3
785 1104 877 1153 sed
902 1117 1008 1154 aere
1039 1104 1213 1154 alieno
1235 1103 1449 1151 obrutos
1467 1114 1560 1150 ex·

489 1179 752 1243 pediendo
777 1181 1023 1244 populum
1047 1177 1226 1229 facere
1247 1192 1394 1228 snum
1413 1176 1559 1241 cogi·

486 1262 649 1315 tasse,
672 1257 902 1320 conjecit
925 1256 1026 1319 legi
1066 1270 1219 1320 posse
1226 1255 1384 1321 fidens
1401 1254 1559 1304 demo·

484 1329 572 1380 liri
589 1333 733 1395 σαρξί
751 1347 769 1381 .·
797 1331 1005 1382 acriores
1026 1332 1219 1397 qnippe,
1237 1335 1320 1394 &a
1385 1330 1559 1382 Quam

487 1407 907 1458 emendationem
970 1421 1233 1472 occupans
1294 1405 1560 1470 Sigonius,

483 1481 799 1546 magnidicis
832 1484 983 1535 nobis
1034 1482 1560 1549 interpretationibus

485 1560 698 1611 Scholia
739 1563 997 1613 extendit.
1061 1561 1170 1613 Sed
1190 1562 1306 1627 quis
1329 1561 1384 1610 iu
1408 1565 1560 1610 tenta

482 1638 797 1702 scriptorum
822 1638 977 1689 turbs
993 1653 1235 1704 umquam
1261 1638 1395 1687 dixit
1401 1636 1559 1701 fidens

481 1715 647 1765 moliri
689 1730 804 1767 esse
844 1718 862 1746 4
878 1716 1168 1781 probibere,
1211 1730 1276 1766 ne
1313 1713 1558 1764 obstricti

483 1803 592 1841 mre
615 1791 786 1842 alieno
811 1791 861 1840 id
883 1792 1085 1843 solvant
1101 1790 1138 1841 ?’
1172 1794 1188 1823 4
1210 1788 1418 1841 Fidem’
1442 1788 1558 1855 qui·

481 1866 605 1918 dem
644 1869 924 1932 separatim
962 1870 1035 1930 id,
1057 1868 1195 1934 quod
1219 1867 1390 1917 innuit
1410 1866 1558 1930 Sigo-

480 1944 619 2003 nius,
664 1945 981 2010 significare,
1016 1960 1117 1995 non
1164 1943 1427 2004 diffiteor3
1461 1940 1555 1991 scd

479 2031 601 2070 eum
637 2021 728 2070 illo
766 2020 1064 2085 copulatum
1106 2020 1267 2070 verbo
1305 2018 1399 2068 tali
1436 2030 1555 2067 esse

477 2095 694 2146 notione
714 2110 963 2160 pernego,
979 2096 1077 2148 nisi
1097 2095 1447 2160 locupletibus
1461 2093 1554 2144 do·

478 2185 607 2221 ccur
637 2179 798 2238 atque
826 2172 1110 2223 convincar
1140 2170 1556 2223 auctoritatibus.

476 2246 617 2297 Pali.
650 2249 775 2311 duo,
796 2263 902 2313 (μιαν
927 2249 1324 2314 marmana-per
1346 2248 1556 2298 tribum

473 2325 765 2376 seditionum
789 2326 1002 2385 suisset.-
1052 2327 1165 2376 iude
1201 2326 1365 2375 moliri
1404 2325 1552 2389 carpit

476 2400 689 2451 acriores
707 2401 876 2469 quippe
892 2403 1007 2453 eris
1024 2402 1174 2453 alieni
1188 2403 1409 2453 stimulos
1430 2416 1553 2453 esse.

476 2478 567 2529 De
612 2494 718 2544 que
749 2481 1006 2544 judicium
1044 2479 1223 2532 serant
1258 2480 1544 2531 doctiores.

480 2552 640 2604 Gebls·
672 2555 871 2619 Scripti
892 2565 948 2607 et
976 2557 1104 2608 edd.
1138 2557 1372 2623 antiquae
1406 2557 1553 2607 iden.

478 2628 638 2682 Unde
661 2646 878 2696 maguus
901 2637 980 2684 vir
1000 2635 1264 2699 interponi
1291 2633 1474 2691 voluit,
1490 2648 1554 2684 ex

471 2706 575 2758 erc
594 2708 749 2760 alieno
770 2711 897 2762 idem
911 2712 1072 2761 moliri
1091 2712 1248 2775 capit.
1280 2711 1385 2763 Sed
1406 2716 1551 2761 recte

475 2783 883 2853 Sigoniusfiden
902 2790 1081 2841 moliri.
1136 2791 1274 2841 Nem
1289 2788 1453 2840 moliri
1470 2796 1552 2839 est

471 2860 819 2928 labefactare,
843 2874 902 2916 ut
939 2867 957 2894 ‘
980 2867 1152 2918 moliri
1173 2865 1352 2929 fores,'
1374 2873 1430 2917 et
1449 2866 1552 2917 boc

471 2938 595 3003 ipso
615 2939 707 2991 lib.
727 2956 776 2991 c.
799 2945 886 2994 88.
918 2944 1120 2995 ‘moliri
1159 2943 1340 2994 obices
1374 2949 1551 3006 porta·

471 3014 628 3067 rum?
688 3016 995 3084 Iterumqne
1016 3034 1065 3070 c.
1087 3022 1170 3070 84.
1205 3019 1221 3048 4
1242 3019 1418 3069 Perre
1438 3031 1549 3068 rem

472 3091 743 3156 ingentem
764 3095 1015 3146 moliundi
1033 3110 1218 3146 caussa
1231 3093 1552 3146 intervenit?

471 3167 853 3221 labefactatur
875 3180 1051 3222 autem
1077 3172 1228 3229 fides.
1249 3187 1368 3223 cum
1389 3185 1548 3235 pecu·

470 3243 575 3295 ssim
616 3247 834 3296 credita
867 3248 1234 3299 condonantur
1269 3247 1549 3299 creditori·

471 3318 592 3370 bus.
656 3322 788 3374 Quis
828 3324 966 3372 enim
1005 3325 1226 3376 credere
1266 3327 1425 3384 volet,
1445 3326 1548 3375 hoc

471 3399 518 3448 si
562 3406 839 3463 exspectet
882 3400 1018 3464 fore,
1063 3412 1123 3453 ut
1179 3417 1281 3454 non
1322 3404 1565 3468 recipiet-

468 3476 657 3528 sunm?
702 3475 790 3526 Ad
812 3477 925 3540 illa,
944 3494 1061 3543 quae
1079 3481 1263 3531 attulit
1282 3481 1548 3547 Sigonius,

469 3551 612 3602 eddo
648 3552 819 3603 locum
858 3554 1129 3605 Ciceronis
1161 3570 1225 3606 ex
1263 3555 1354 3606 lib.
1378 3568 1442 3606 ιι.
1475 3555 1545 3607 de

469 3629 678 3681 Officiis
709 3646 760 3682 c.
797 3637 882 3683 24.
946 3633 964 3663 ‘
987 3634 1361 3698 Quamobrem,
1382 3648 1450 3684 ne
1474 3635 1547 3686 sit

468 3721 541 3756 ms
563 3708 812 3773 alienum,
832 3709 969 3775 quod
1002 3711 1307 3776 reipublice
1333 3718 1545 3776 noceat,

465 3785 844 3848 providendum
867 3794 983 3838 ests
1018 3786 1159 3852 quod
1185 3788 1360 3838 multis
1382 3787 1545 3837 retio-

466 3861 619 3911 nibus
643 3863 911 3927 provideri
935 3869 1140 3927 potestz
1175 3878 1281 3913 uon
1298 3863 1344 3913 si
1361 3862 1547 3925 fuerit,

466 3943 529 3991 ut
562 3937 850 4001 locupletes
883 3954 1031 3989 suum
1057 3940 1305 4004 perdant,
1341 3938 1545 3990 debito·

466 4025 562 4061 res‘
575 4013 848 4065 lucrentur
867 4015 1093 4066 alienum
1117 4032 1133 4067 z
1158 4031 1256 4067 nec
1275 4016 1413 4067 enim
1437 4016 1544 4065 ulla

466 4101 553 4138 res
578 4090 936 4142 vehementius
961 4093 1336 4158 rempublicam
1372 4092 1546 4143 conti·

464 4172 580 4227 net,
600 4181 754 4230 quem
775 4165 907 4219 fides
934 4185 949 4219 ε
984 4185 1100 4235 quae
1141 4171 1285 4220 nullu
1305 4183 1421 4220 esse
1445 4183 1539 4233 po-

465 4246 595 4302 test,
627 4242 724 4291 nisi
764 4242 866 4292 erit
900 4245 1199 4296 necessaria
1233 4245 1423 4295 solutio
1459 4259 1542 4295 re-

463 4330 579 4368 rum
616 4318 969 4371 creditarum?
1039 4320 1171 4370 lude
1209 4328 1267 4372 et
1300 4320 1542 4385 queritur

1191 423 1409 475 801·AE
1456 421 1867 475 vAmoRmt
1923 424 2007 474 ΙΝ

1634 565 1841 632 Appius
1874 579 1991 631 cap.
2014 569 2105 617 ss:
2145 564 2162 595 4
2185 564 2355 618 altera
2376 568 2392 594 ’
2430 564 2700 630 rogatione

1632 644 1802 695 Sextii
1838 650 1854 674 4
1869 643 2026 694 fidem
2043 643 2304 707 abrogari,
2324 658 2442 694 curn
2466 658 2574 709 qua
2594 658 2701 694 om·

1635 721 1715 769 nis
1734 720 1958 769 humans
1978 721 2201 770 societas
2221 719 2456 770 tollitur-³
2523 720 2700 783 Ipsam

1635 794 1770 844 Livii
1811 795 2038 858 phrasin,
2074 810 2385 860 quamquam
2411 796 2464 845 in
2488 796 2594 845 alia
2629 810 2703 860 re,
2768 857 2771 862 μ

1634 881 1853 937 usurpet
1877 873 2102 924 Ovidius
2138 874 2282 924 Fast.
2304 886 2383 923 tv.
2415 878 2535 923 203.
2556 881 2573 904 4
2594 874 2699 924 Pro

1634 964 1822 1015 magns
1864 957 2004 1000 teste
2043 957 2274 1000 vetustas
2312 950 2586 1008 Creditur,
2619 965 2701 1000 ac·

1632 1017 1843 1089 ceptum
1885 1040 2044 1090 parce
2075 1041 2284 1077 movere
2324 1025 2523 1079 fidem.’
2552 1028 2611 1076 J.
2635 1028 2697 1076 Ρ.

1638 1103 1794 1153 Gron-
1824 1103 1962 1153 Idem
1981 1103 2141 1153 meliri
2172 1103 2311 1167 coepit
2335 1103 2495 1153 etism
2519 1117 2698 1153 omnes

1632 1180 1839 1246 scripti,
1878 1180 2069 1244 quibus
2101 1195 2221 1230 usus
2259 1195 2391 1236 sum,
2417 1179 2519 1229 nisi
2560 1179 2696 1244 qnod

1630 1254 1757 1305 idem
1798 1256 1977 1306 moniti
2020 1253 2270 1318 preferat
2315 1255 2449 1304 Lov.
2494 1258 2544 1305 l.
2590 1253 2700 1304 inde

1633 1333 1794 1381 moliri
1818 1332 1970 1383 Voss.
1988 1335 2038 1382 2.
2073 1340 2131 1382 et
2148 1331 2277 1382 Lov.
2292 1335 2342 1382 ⁸.
2364 1330 2695 1395 quemadmo-

1634 1406 1757 1457 dum
1779 1407 1937 1458 etiam
1970 1408 2024 1458 in
2057 1407 2196 1458 Pali.
2233 1406 2434 1457 duobus
2457 1406 2696 1458 Gebhar-

1633 1482 1732 1534 dus
1756 1484 1959 1533 invenit
1980 1499 2000 1546 ς
2044 1483 2110 1533 de
2131 1497 2192 1533 ca
2215 1491 2389 1533 autem
2413 1483 2700 1547 scriptura,

1632 1561 1676 1610 ei
1715 1561 1841 1625 quid
1879 1561 2052 1619 video,
2093 1562 2232 1612 aliud
2268 1560 2531 1626 judicium
2576 1560 2699 1611 ferri

1631 1638 1832 1703 nequit,
1869 1653 2023 1702 quam
2053 1637 2290 1688 librarios
2316 1638 2395 1687 itu
2433 1651 2536 1701 per
2555 1650 2697 1686 erro·

1631 1728 1761 1776 rem,
1785 1728 1881 1778 pno
1898 1715 2027 1765 idem
2046 1715 2227 1777 moliri,
2250 1713 2476 1764 dedisse.
2547 1713 2697 1776 Soepe

1630 1791 1769 1842 enim
1803 1791 1998 1841 librarii
2046 1791 2142 1854 ide,
2175 1791 2286 1841 sive
2325 1789 2472 1852 idem,
2509 1794 2569 1838 et
2599 1789 2696 1851 ide,

1630 1868 1742 1919 sive
1775 1869 1909 1931 s‘ndc,
1943 1869 1998 1918 iu
2031 1867 2342 1918 membranis
2371 1863 2696 1916 confundere

1627 1945 1768 1995 soliti
1801 1944 2032 1996 fuerunt.
2097 1943 2235 1994 Vide
2275 1942 2339 1992 ad
2376 1956 2417 1992 1.
2448 1947 2532 1992 19.
2582 1942 2613 2006 §
2649 1944 2698 1990 ’1.

1627 2020 1860 2071 Latinius
1884 2019 2214 2071 scribendum
2232 2018 2432 2070 censuit
2439 2017 2596 2084 fidem
2618 2018 2699 2067 ds·

1628 2097 1792 2147 moliri
1831 2098 1990 2162 cupit,
2030 2095 2168 2162 quod
2213 2104 2269 2146 et
2311 2092 2514 2145 Feiiruo
2557 2092 2693 2157 apud

1631 2172 1881 2223 Ursinnm
1904 2175 1958 2223 in
1980 2180 2207 2223 mentem
2234 2170 2396 2227 venit,
2418 2169 2569 2234 quusi
2595 2168 2697 2232 pri-

1627 2264 1715 2302 mn
1732 2251 1931 2317 syllaba
1948 2251 2040 2301 τοῦ
2058 2249 2276 2301 demoliri
2298 2248 2601 2311 interceptu
2624 2244 2697 2295 fo·

1629 2335 1714 2379 ret
1772 2327 1839 2378 ab
1877 2327 2062 2378 ultime
2116 2326 2260 2377 vocis
2301 2322 2535 2389 pruzced.
2573 2322 2698 2389 fid?-

1628 2402 1751 2454 Alia
1789 2404 1971 2454 similis
2003 2403 2195 2453 erroris
2219 2401 2463 2467 exemplu
2484 2398 2609 2451 vide
2631 2399 2698 2448 ad

1631 2495 1686 2532 v.
1724 2486 1805 2533 19.
1839 2484 1868 2547 §
1900 2486 1950 2533 4.
2017 2480 2155 2531 Puto
2181 2487 2372 2541 tamen,
2405 2476 2595 2527 melius
2619 2475 2696 2526 Si·

1627 2559 1857 2621 genium,
1896 2556 2236 2618 Gronovium,
2272 2555 2507 2618 aliosque
2547 2566 2697 2617 repo·

1624 2633 1951 2700 suissefidem
1971 2632 2132 2684 moliri
2150 2631 2311 2696 erepit.
2360 2632 2432 2681 Et
2458 2630 2539 2680 itu
2560 2629 2695 2680 Gro-

1624 2710 1808 2760 novius
1850 2709 2011 2777 etiam
2066 2709 2345 2773 legendum
2392 2707 2599 2757 monuit
2640 2706 2694 2755 in

1623 2787 1794 2851 prima
1816 2786 1899 2836 ed.
1921 2793 2157 2836 notarum
2183 2784 2247 2835 ad
2282 2797 2448 2835 xxlv.
2482 2787 2572 2833 48.
2607 2782 2693 2832 ubi

1625 2869 1803 2914 umen
1825 2861 2027 2913 frustra
2046 2861 2317 2926 sigonium
2336 2858 2566 2909 demoliri
2585 2872 2692 2908 ma-

1624 2938 1780 2989 luisse
1803 2939 2085 2989 scribentis
2107 2951 2289 2988 manus
2325 2935 2618 2992 aberravit.
2639 2938 2694 2984 et

1624 3015 1797 3065 animo
1817 3015 1932 3080 ejus
1953 3015 2063 3064 siue
2076 3014 2237 3065 dubio
2256 3012 2485 3063 Faernus
2509 3012 2694 3063 obver-

1623 3099 1768 3142 satus
1802 3099 1904 3142 est.
1943 3093 1959 3122 4
1979 3090 2170 3153 Fides:
2206 3097 2263 3141 ut
2304 3087 2446 3152 apud
2476 3088 2692 3139 Sueten.

1623 3167 1677 3218 in
1698 3167 1938 3233 Augusto
1976 3183 2023 3218 c.
2059 3172 2143 3217 42.
2173 3165 2191 3194 4
2211 3165 2439 3230 Populo,
2473 3163 2691 3229 promis·

1619 3232 1734 3294 sum
1765 3243 1976 3310 quidem
2018 3242 2340 3309 congiarium
2373 3238 2691 3304 reposcenti.

1621 3323 1773 3374 bono
1810 3339 1867 3373 se
1899 3322 2024 3373 fidei
2055 3337 2172 3372 esse
2194 3320 2512 3386 respondit.⁸
2574 3319 2693 3372 Jus-

1622 3401 1721 3451 tin.
1755 3413 1901 3450 1¹11.
1937 3403 1986 3449 1.
2018 3399 2222 3451 ‘Quum
2255 3398 2548 3462 Syracusas
2571 3410 2690 3451 con·

1622 3475 1890 3538 cessisset,
1930 3475 2269 3540 adscitusque
2318 3475 2375 3523 in
2418 3473 2689 3525 civitatem

1621 3552 1763 3603 inter
1778 3553 1974 3603 incolas
1998 3558 2154 3615 esset,
2172 3551 2260 3603 diu
2284 3552 2398 3601 sine
2420 3549 2531 3601 fide
2551 3547 2691 3600 fuit:

1624 3630 1793 3679 Recte
1843 3630 2006 3679 etism
2049 3626 2346 3679 Gronovius
2388 3627 2557 3676 moliri
2598 3639 2694 3691 per

1621 3713 1638 3737 4
1652 3703 1974 3755 labefactare
1992 3702 2009 3727 ’
2027 3706 2289 3769 exposuit.
2352 3701 2504 3752 Infra
2528 3715 2695 3753 xxiv.

1619 3783 1705 3831 ⁴6.
1751 3780 2082 3844 ‘Strepitum
2128 3777 2458 3828 molientium
2487 3783 2690 3842 portam

1619 3859 1860 3909 exaudiri
1900 3855 2220 3922 probibuit?
2253 3857 2345 3909 ubi
2387 3857 2512 3908 vide
2549 3871 2692 3908 eum·

1619 3935 1740 3986 dem
1778 3934 2120 3986 Gronovium.
2188 3933 2348 3984 Aliud
2387 3934 2686 3999 exemplum

1618 4012 1895 4063 locutionis
1928 4013 1944 4042 4
1963 4011 2138 4061 moliri
2174 4009 2329 4060 fidem
2348 4011 2364 4036 ’
2395 4012 2499 4062 boc
2537 4024 2691 4062 sensu

1618 4089 1859 4153 poscenti
1903 4087 2188 4139 Gebhardo
2244 4086 2559 4139 satisfacere
2601 4098 2690 4136 ne-

1616 4180 1783 4233 queo,
1821 4165 2057 4231 proxime
2083 4174 2255 4214 tamen
2279 4163 2511 4227 accedit,
2533 4161 2692 4229 quod,

1616 4260 1776 4310 quum
1793 4245 1955 4294 moliri
1977 4243 2061 4294 bic
2081 4257 2178 4308 pro
2201 4248 2217 4272 4
2234 4240 2689 4302 labefacere,’‘la-

1617 4320 1891 4384 befacture
1907 4321 1924 4346 '
1955 4328 2202 4386 ponatur,
2234 4325 2250 4348 4
2271 4319 2430 4369 fidem
2453 4313 2690 4367 labefac-
