<?xml version="1.0" encoding="UTF-8"?>
<!DOCTYPE html PUBLIC "-//W3C//DTD XHTML 1.0 Transitional//EN"
    "http://www.w3.org/TR/xhtml1/DTD/xhtml1-transitional.dtd">
<html xmlns="http://www.w3.org/1999/xhtml" xml:lang="en" lang="en">
 <head>
  <title>
</title>
<meta http-equiv="Content-Type" content="text/html;charset=utf-8" />
  <meta name='ocr-system' content='tesseract 3.04.00' />
  <meta name='ocr-capabilities' content='ocr_page ocr_carea ocr_par ocr_line ocrx_word'/>
</head>
<body>
  <div class='ocr_page' id='page_1' title='image "./tliviipatavinih12unkngoog_0192.png"; bbox 0 0 2934 4925; ppageno 0'>
   <div class='ocr_carea' id='block_1_1' title="bbox 415 366 595 437">
    <p class='ocr_par' dir='ltr' id='par_1_1' title="bbox 415 366 595 437">
     <span class='ocr_line' id='line_1_1' title="bbox 415 366 595 437; baseline 0.022 -4"><span class='ocrx_word' id='word_1_1' title='bbox 415 366 595 437; x_wconf 75' lang='lat'>7696</span> 
     </span>
    </p>
   </div>
   <div class='ocr_carea' id='block_1_2' title="bbox 418 523 1485 820">
    <p class='ocr_par' dir='ltr' id='par_1_2' title="bbox 418 523 1485 820">
     <span class='ocr_line' id='line_1_2' title="bbox 418 523 1485 591; baseline -0.001 -16"><span class='ocrx_word' id='word_1_2' title='bbox 418 524 723 581; x_wconf 74' lang='lat' dir='ltr'>seraverant</span> <span class='ocrx_word' id='word_1_3' title='bbox 746 526 971 591; x_wconf 79' lang='lat' dir='ltr'>speciem</span> <span class='ocrx_word' id='word_1_4' title='bbox 995 525 1135 578; x_wconf 83' lang='lat' dir='ltr'>oris.’</span> <span class='ocrx_word' id='word_1_5' title='bbox 1180 541 1233 575; x_wconf 87' lang='lat' dir='ltr'>v.</span> <span class='ocrx_word' id='word_1_6' title='bbox 1255 531 1338 576; x_wconf 82' lang='grc'>27.</span> <span class='ocrx_word' id='word_1_7' title='bbox 1360 529 1376 555; x_wconf 88' lang='lat'>‘</span> <span class='ocrx_word' id='word_1_8' title='bbox 1398 523 1485 575; x_wconf 80' lang='lat' dir='ltr'>Ef-</span> 
     </span>
     <span class='ocr_line' id='line_1_3' title="bbox 420 601 1485 667; baseline 0.001 -16"><span class='ocrx_word' id='word_1_9' title='bbox 420 601 580 652; x_wconf 80' lang='lat' dir='ltr'>ferati</span> <span class='ocrx_word' id='word_1_10' title='bbox 602 603 720 653; x_wconf 88' lang='lat' dir='ltr'>odio</span> <span class='ocrx_word' id='word_1_11' title='bbox 739 603 954 667; x_wconf 67' lang='lat' dir='ltr'>iraque!</span> <span class='ocrx_word' id='word_1_12' title='bbox 1000 617 1169 654; x_wconf 85' lang='lat' dir='ltr'>xxut.</span> <span class='ocrx_word' id='word_1_13' title='bbox 1192 610 1239 653; x_wconf 85' lang='grc'>6.</span> <span class='ocrx_word' id='word_1_14' title='bbox 1273 610 1289 632; x_wconf 82' lang='lat'>‘</span> <span class='ocrx_word' id='word_1_15' title='bbox 1310 602 1485 659; x_wconf 83' lang='lat' dir='ltr'>Hunc,</span> 
     </span>
     <span class='ocr_line' id='line_1_4' title="bbox 420 678 1483 744; baseline 0.001 -16"><span class='ocrx_word' id='word_1_16' title='bbox 420 688 606 730; x_wconf 87' lang='lat' dir='ltr'>natura</span> <span class='ocrx_word' id='word_1_17' title='bbox 627 688 682 730; x_wconf 90' lang='lat' dir='ltr'>et</span> <span class='ocrx_word' id='word_1_18' title='bbox 701 681 925 729; x_wconf 88' lang='lat' dir='ltr'>moribus</span> <span class='ocrx_word' id='word_1_19' title='bbox 945 680 1176 731; x_wconf 83' lang='lat' dir='ltr'>inmitem</span> <span class='ocrx_word' id='word_1_20' title='bbox 1192 678 1483 744; x_wconf 82' lang='lat' dir='ltr'>ferumque,</span> 
     </span>
     <span class='ocr_line' id='line_1_5' title="bbox 420 754 1482 820; baseline -0.002 -15"><span class='ocrx_word' id='word_1_21' title='bbox 420 757 631 820; x_wconf 81' lang='lat' dir='ltr'>insuper</span> <span class='ocrx_word' id='word_1_22' title='bbox 652 756 758 805; x_wconf 79' lang='lat' dir='ltr'>dux</span> <span class='ocrx_word' id='word_1_23' title='bbox 784 757 896 820; x_wconf 88' lang='lat' dir='ltr'>ipse</span> <span class='ocrx_word' id='word_1_24' title='bbox 919 754 1194 807; x_wconf 81' lang='lat' dir='ltr'>efferavit.&#39;</span> <span class='ocrx_word' id='word_1_25' title='bbox 1241 770 1377 806; x_wconf 85' lang='lat' dir='ltr'>xxv.</span> <span class='ocrx_word' id='word_1_26' title='bbox 1398 760 1482 806; x_wconf 83' lang='grc'>26.</span> 
     </span>
    </p>
   </div>
   <div class='ocr_carea' id='block_1_3' title="bbox 1109 383 1914 433">
    <p class='ocr_par' dir='ltr' id='par_1_3' title="bbox 1109 383 1914 433">
     <span class='ocr_line' id='line_1_6' title="bbox 1109 383 1914 433; baseline -0.002 0"><span class='ocrx_word' id='word_1_27' title='bbox 1109 384 1327 433; x_wconf 73' lang='lat' dir='ltr'>NOTAE</span> <span class='ocrx_word' id='word_1_28' title='bbox 1377 383 1780 432; x_wconf 60' lang='lat' dir='ltr'>vammum</span> <span class='ocrx_word' id='word_1_29' title='bbox 1836 383 1914 431; x_wconf 77' lang='grc' dir='ltr'>ΙΝ</span> 
     </span>
    </p>
   </div>
   <div class='ocr_carea' id='block_1_4' title="bbox 1555 522 2621 666">
    <p class='ocr_par' dir='ltr' id='par_1_4' title="bbox 1555 522 2621 666">
     <span class='ocr_line' id='line_1_7' title="bbox 1557 522 2621 574; baseline -0.003 0"><span class='ocrx_word' id='word_1_30' title='bbox 1557 525 1672 574; x_wconf 86' lang='lat' dir='ltr'>dice</span> <span class='ocrx_word' id='word_1_31' title='bbox 1715 522 1921 574; x_wconf 83' lang='lat' dir='ltr'>faciunt</span> <span class='ocrx_word' id='word_1_32' title='bbox 1956 525 2095 574; x_wconf 84' lang='lat' dir='ltr'>Flor.</span> <span class='ocrx_word' id='word_1_33' title='bbox 2135 523 2282 574; x_wconf 83' lang='lat' dir='ltr'>Leid.</span> <span class='ocrx_word' id='word_1_34' title='bbox 2322 528 2369 573; x_wconf 87' lang='lat' dir='ltr'>l.</span> <span class='ocrx_word' id='word_1_35' title='bbox 2404 524 2528 573; x_wconf 84' lang='lat' dir='ltr'>Lov.</span> <span class='ocrx_word' id='word_1_36' title='bbox 2574 527 2621 572; x_wconf 80' lang='lat' dir='ltr'>l;</span> 
     </span>
     <span class='ocr_line' id='line_1_8' title="bbox 1555 599 2619 666; baseline 0.001 -15"><span class='ocrx_word' id='word_1_37' title='bbox 1555 610 1612 651; x_wconf 93' lang='lat' dir='ltr'>et</span> <span class='ocrx_word' id='word_1_38' title='bbox 1648 601 1800 651; x_wconf 79' lang='lat' dir='ltr'>Harl.</span> <span class='ocrx_word' id='word_1_39' title='bbox 1848 610 2084 666; x_wconf 88' lang='lat' dir='ltr'>uterque.</span> <span class='ocrx_word' id='word_1_40' title='bbox 2139 599 2275 650; x_wconf 86' lang='lat' dir='ltr'>Vide</span> <span class='ocrx_word' id='word_1_41' title='bbox 2318 600 2385 650; x_wconf 81' lang='lat' dir='ltr'>ad</span> <span class='ocrx_word' id='word_1_42' title='bbox 2427 614 2502 650; x_wconf 82' lang='lat' dir='ltr'>v1.</span> <span class='ocrx_word' id='word_1_43' title='bbox 2535 605 2619 655; x_wconf 85' lang='grc'>23.</span> 
     </span>
    </p>
   </div>
   <div class='ocr_carea' id='block_1_5' title="bbox 1557 681 2621 820">
    <p class='ocr_par' dir='ltr' id='par_1_5' title="bbox 1557 681 2621 820">
     <span class='ocr_line' id='line_1_9' title="bbox 1557 681 2621 820; baseline -0.013 -6"><span class='ocrx_word' id='word_1_44' title='bbox 1557 681 1586 743; x_wconf 47' lang='grc' dir='ltr'><strong>ς</strong></span> <span class='ocrx_word' id='word_1_45' title='bbox 1609 683 1763 814; x_wconf 47' lang='lat' dir='ltr'>zava</span> <span class='ocrx_word' id='word_1_46' title='bbox 1783 759 1836 807; x_wconf 75' lang='lat' dir='ltr'>iu</span> <span class='ocrx_word' id='word_1_47' title='bbox 1855 756 2052 820; x_wconf 79' lang='lat' dir='ltr'>imperio</span> <span class='ocrx_word' id='word_1_48' title='bbox 2071 756 2173 816; x_wconf 72' lang='lat' dir='ltr'>ejus</span> <span class='ocrx_word' id='word_1_49' title='bbox 2191 755 2357 804; x_wconf 77' lang='lat' dir='ltr'>Gallia</span> <span class='ocrx_word' id='word_1_50' title='bbox 2375 755 2492 804; x_wconf 82' lang='lat' dir='ltr'>adeo</span> <span class='ocrx_word' id='word_1_51' title='bbox 2501 753 2621 813; x_wconf 79' lang='lat' dir='ltr'>sru-</span> 
     </span>
    </p>
   </div>
   <div class='ocr_carea' id='block_1_6' title="bbox 419 830 2621 899">
    <p class='ocr_par' dir='ltr' id='par_1_6' title="bbox 419 830 2621 899">
     <span class='ocr_line' id='line_1_10' title="bbox 419 830 2621 899; baseline -0.003 -15"><span class='ocrx_word' id='word_1_52' title='bbox 419 836 436 861; x_wconf 84' lang='lat'>‘</span> <span class='ocrx_word' id='word_1_53' title='bbox 459 834 548 884; x_wconf 89' lang='lat' dir='ltr'>Ita</span> <span class='ocrx_word' id='word_1_54' title='bbox 586 832 930 883; x_wconf 78' lang='lat' dir='ltr'>adsuetudine</span> <span class='ocrx_word' id='word_1_55' title='bbox 974 833 1092 899; x_wconf 82' lang='lat' dir='ltr'>mali</span> <span class='ocrx_word' id='word_1_56' title='bbox 1136 830 1481 882; x_wconf 74' lang='lat' dir='ltr'>efferaverant</span> <span class='ocrx_word' id='word_1_57' title='bbox 1551 847 1669 894; x_wconf 77' lang='lat' dir='ltr'>gum</span> <span class='ocrx_word' id='word_1_58' title='bbox 1699 836 2024 898; x_wconf 74' lang='lat' dir='ltr'><strong><em>hominumque</em></strong></span> <span class='ocrx_word' id='word_1_59' title='bbox 2047 830 2262 893; x_wconf 79' lang='lat' dir='ltr'>fertilis]</span> <span class='ocrx_word' id='word_1_60' title='bbox 2296 831 2474 894; x_wconf 80' lang='lat' dir='ltr'>Exigit</span> <span class='ocrx_word' id='word_1_61' title='bbox 2514 831 2621 879; x_wconf 88' lang='lat' dir='ltr'>Pa-</span> 
     </span>
    </p>
   </div>
   <div class='ocr_carea' id='block_1_7' title="bbox 413 909 1484 2125">
    <p class='ocr_par' dir='ltr' id='par_1_7' title="bbox 414 909 1484 1820">
     <span class='ocr_line' id='line_1_11' title="bbox 418 909 1484 962; baseline -0.002 -2"><span class='ocrx_word' id='word_1_62' title='bbox 418 909 648 961; x_wconf 77' lang='lat' dir='ltr'>animos.&#39;</span> <span class='ocrx_word' id='word_1_63' title='bbox 707 924 912 962; x_wconf 71' lang='lat' dir='ltr'>xxxnr.</span> <span class='ocrx_word' id='word_1_64' title='bbox 946 914 1028 960; x_wconf 90' lang='grc'>24.</span> <span class='ocrx_word' id='word_1_65' title='bbox 1058 911 1074 938; x_wconf 90' lang='lat'><strong>‘</strong></span> <span class='ocrx_word' id='word_1_66' title='bbox 1098 910 1332 960; x_wconf 85' lang='lat' dir='ltr'>Moribus</span> <span class='ocrx_word' id='word_1_67' title='bbox 1368 910 1484 959; x_wconf 86' lang='lat' dir='ltr'>riti-</span> 
     </span>
     <span class='ocr_line' id='line_1_12' title="bbox 419 984 1484 1050; baseline 0.001 -16"><span class='ocrx_word' id='word_1_68' title='bbox 419 985 619 1050; x_wconf 79' lang='lat' dir='ltr'><strong>busque</strong></span> <span class='ocrx_word' id='word_1_69' title='bbox 652 984 1048 1046; x_wconf 81' lang='lat' dir='ltr'>efferatioribus‚</span> <span class='ocrx_word' id='word_1_70' title='bbox 1078 1000 1226 1050; x_wconf 85' lang='lat' dir='ltr'>quam</span> <span class='ocrx_word' id='word_1_71' title='bbox 1251 985 1340 1034; x_wconf 89' lang='lat' dir='ltr'>ulli</span> <span class='ocrx_word' id='word_1_72' title='bbox 1364 985 1484 1035; x_wconf 89' lang='lat' dir='ltr'>bar·</span> 
     </span>
     <span class='ocr_line' id='line_1_13' title="bbox 417 1062 1484 1125; baseline -0.001 -14"><span class='ocrx_word' id='word_1_73' title='bbox 417 1062 791 1125; x_wconf 77' lang='lat' dir='ltr'>bari,inmanes</span> <span class='ocrx_word' id='word_1_74' title='bbox 812 1062 998 1112; x_wconf 77' lang='lat' dir='ltr'>belluae</span> <span class='ocrx_word' id='word_1_75' title='bbox 1012 1062 1229 1112; x_wconf 83' lang='lat' dir='ltr'>vivunt.&#39;</span> <span class='ocrx_word' id='word_1_76' title='bbox 1257 1075 1484 1113; x_wconf 74' lang='lat' dir='ltr'>xxxvii.</span> 
     </span>
     <span class='ocr_line' id='line_1_14' title="bbox 415 1140 1484 1208; baseline -0.004 -13"><span class='ocrx_word' id='word_1_77' title='bbox 415 1146 498 1195; x_wconf 78' lang='grc'>54.</span> <span class='ocrx_word' id='word_1_78' title='bbox 517 1142 534 1171; x_wconf 90' lang='lat'>‘</span> <span class='ocrx_word' id='word_1_79' title='bbox 556 1140 905 1192; x_wconf 69' lang='lat' dir='ltr'>Massilienses</span> <span class='ocrx_word' id='word_1_80' title='bbox 920 1143 1033 1206; x_wconf 85' lang='lat' dir='ltr'>jam</span> <span class='ocrx_word' id='word_1_81' title='bbox 1058 1143 1258 1208; x_wconf 80' lang='lat' dir='ltr'>pridem</span> <span class='ocrx_word' id='word_1_82' title='bbox 1274 1141 1484 1192; x_wconf 81' lang='lat' dir='ltr'>efferas·</span> 
     </span>
     <span class='ocr_line' id='line_1_15' title="bbox 416 1218 1483 1283; baseline 0.002 -16"><span class='ocrx_word' id='word_1_83' title='bbox 416 1224 538 1268; x_wconf 81' lang='lat' dir='ltr'>sent</span> <span class='ocrx_word' id='word_1_84' title='bbox 574 1226 654 1269; x_wconf 88' lang='lat' dir='ltr'>tot</span> <span class='ocrx_word' id='word_1_85' title='bbox 692 1218 965 1269; x_wconf 77' lang='lat' dir='ltr'>indomitae</span> <span class='ocrx_word' id='word_1_86' title='bbox 1001 1220 1327 1270; x_wconf 55' lang='lat' dir='ltr'>circumfusae</span> <span class='ocrx_word' id='word_1_87' title='bbox 1360 1233 1483 1283; x_wconf 77' lang='lat' dir='ltr'>gen-</span> 
     </span>
     <span class='ocr_line' id='line_1_16' title="bbox 418 1293 1480 1360; baseline 0.004 -17"><span class='ocrx_word' id='word_1_88' title='bbox 418 1293 536 1344; x_wconf 87' lang='lat' dir='ltr'>tes.&#39;</span> <span class='ocrx_word' id='word_1_89' title='bbox 603 1295 874 1345; x_wconf 81' lang='lat' dir='ltr'>Praeterea</span> <span class='ocrx_word' id='word_1_90' title='bbox 897 1311 1011 1360; x_wconf 79' lang='lat' dir='ltr'>quos</span> <span class='ocrx_word' id='word_1_91' title='bbox 1031 1298 1122 1346; x_wconf 79' lang='lat' dir='ltr'>loci</span> <span class='ocrx_word' id='word_1_92' title='bbox 1144 1301 1249 1360; x_wconf 75' lang='lat' dir='ltr'>ipsa</span> <span class='ocrx_word' id='word_1_93' title='bbox 1275 1298 1405 1347; x_wconf 66' lang='grc' dir='ltr'><strong>ιον.</strong></span> <span class='ocrx_word' id='word_1_94' title='bbox 1428 1301 1480 1347; x_wconf 85' lang='grc'>3.</span> 
     </span>
     <span class='ocr_line' id='line_1_17' title="bbox 416 1371 1482 1437; baseline 0.002 -18"><span class='ocrx_word' id='word_1_95' title='bbox 416 1386 528 1436; x_wconf 73' lang='lat' dir='ltr'>quos</span> <span class='ocrx_word' id='word_1_96' title='bbox 548 1373 648 1420; x_wconf 78' lang='lat' dir='ltr'>loca</span> <span class='ocrx_word' id='word_1_97' title='bbox 668 1372 762 1435; x_wconf 81' lang='lat' dir='ltr'>ipsi</span> <span class='ocrx_word' id='word_1_98' title='bbox 784 1371 936 1421; x_wconf 91' lang='lat' dir='ltr'>Harl.</span> <span class='ocrx_word' id='word_1_99' title='bbox 957 1377 1006 1422; x_wconf 92' lang='grc'>2.</span> <span class='ocrx_word' id='word_1_100' title='bbox 1051 1373 1191 1422; x_wconf 78' lang='lat' dir='ltr'>Mox</span> <span class='ocrx_word' id='word_1_101' title='bbox 1215 1387 1275 1422; x_wconf 83' lang='lat' dir='ltr'>ue</span> <span class='ocrx_word' id='word_1_102' title='bbox 1293 1373 1400 1437; x_wconf 79' lang='lat' dir='ltr'>quis</span> <span class='ocrx_word' id='word_1_103' title='bbox 1419 1387 1482 1422; x_wconf 77' lang='lat' dir='ltr'>ex</span> 
     </span>
     <span class='ocr_line' id='line_1_18' title="bbox 415 1446 1483 1513; baseline 0.003 -17"><span class='ocrx_word' id='word_1_104' title='bbox 415 1450 612 1512; x_wconf 74' lang='lat' dir='ltr'>antiquo</span> <span class='ocrx_word' id='word_1_105' title='bbox 633 1446 819 1512; x_wconf 83' lang='lat' dir='ltr'>fragm.</span> <span class='ocrx_word' id='word_1_106' title='bbox 853 1448 991 1497; x_wconf 85' lang='lat' dir='ltr'>Hav.</span> <span class='ocrx_word' id='word_1_107' title='bbox 1031 1451 1188 1512; x_wconf 42' lang='lat' dir='ltr'>‚Tum</span> <span class='ocrx_word' id='word_1_108' title='bbox 1224 1455 1274 1498; x_wconf 77' lang='lat' dir='ltr'>et</span> <span class='ocrx_word' id='word_1_109' title='bbox 1302 1455 1483 1513; x_wconf 72' lang='lat' dir='ltr'>preter</span> 
     </span>
     <span class='ocr_line' id='line_1_19' title="bbox 414 1524 1483 1588; baseline 0.003 -16"><span class='ocrx_word' id='word_1_110' title='bbox 414 1538 583 1573; x_wconf 77' lang='lat' dir='ltr'>sonum</span> <span class='ocrx_word' id='word_1_111' title='bbox 621 1524 799 1585; x_wconf 72' lang='lat' dir='ltr'>lingua</span> <span class='ocrx_word' id='word_1_112' title='bbox 841 1524 987 1574; x_wconf 81' lang='lat' dir='ltr'>Harl.</span> <span class='ocrx_word' id='word_1_113' title='bbox 1024 1528 1075 1574; x_wconf 94' lang='grc'>2.</span> <span class='ocrx_word' id='word_1_114' title='bbox 1142 1526 1364 1588; x_wconf 83' lang='lat' dir='ltr'>Insuper</span> <span class='ocrx_word' id='word_1_115' title='bbox 1396 1539 1483 1575; x_wconf 76' lang='lat' dir='ltr'>nec</span> 
     </span>
     <span class='ocr_line' id='line_1_20' title="bbox 415 1601 1483 1664; baseline 0.002 -14"><span class='ocrx_word' id='word_1_116' title='bbox 415 1607 521 1650; x_wconf 80' lang='lat' dir='ltr'>tum</span> <span class='ocrx_word' id='word_1_117' title='bbox 539 1601 871 1664; x_wconf 73' lang='lat' dir='ltr'>iucouruptum</span> <span class='ocrx_word' id='word_1_118' title='bbox 892 1603 1020 1651; x_wconf 84' lang='lat' dir='ltr'>Lov.</span> <span class='ocrx_word' id='word_1_119' title='bbox 1042 1606 1092 1652; x_wconf 93' lang='grc'>4.</span> <span class='ocrx_word' id='word_1_120' title='bbox 1156 1604 1384 1652; x_wconf 78' lang='lat' dir='ltr'>Tandem</span> <span class='ocrx_word' id='word_1_121' title='bbox 1403 1618 1483 1652; x_wconf 85' lang='lat' dir='ltr'>re·</span> 
     </span>
     <span class='ocr_line' id='line_1_21' title="bbox 416 1680 1481 1743; baseline 0.002 -15"><span class='ocrx_word' id='word_1_122' title='bbox 416 1680 595 1743; x_wconf 76' lang='lat' dir='ltr'>tinent,</span> <span class='ocrx_word' id='word_1_123' title='bbox 639 1694 733 1743; x_wconf 88' lang='lat' dir='ltr'>pro</span> <span class='ocrx_word' id='word_1_124' title='bbox 777 1680 1019 1741; x_wconf 77' lang='lat' dir='ltr'>retiu’eat,</span> <span class='ocrx_word' id='word_1_125' title='bbox 1064 1681 1148 1729; x_wconf 85' lang='lat' dir='ltr'>vel</span> <span class='ocrx_word' id='word_1_126' title='bbox 1199 1680 1481 1743; x_wconf 69' lang='lat' dir='ltr'>retinerent,</span> 
     </span>
     <span class='ocr_line' id='line_1_22' title="bbox 417 1754 1285 1820; baseline -0.006 -11"><span class='ocrx_word' id='word_1_127' title='bbox 417 1755 566 1809; x_wconf 79' lang='lat' dir='ltr'>Leid.</span> <span class='ocrx_word' id='word_1_128' title='bbox 589 1759 642 1806; x_wconf 95' lang='grc'>2.</span> <span class='ocrx_word' id='word_1_129' title='bbox 705 1754 841 1804; x_wconf 88' lang='lat' dir='ltr'>Vide</span> <span class='ocrx_word' id='word_1_130' title='bbox 863 1755 928 1804; x_wconf 85' lang='lat' dir='ltr'>ad</span> <span class='ocrx_word' id='word_1_131' title='bbox 956 1768 1045 1804; x_wconf 70' lang='grc' dir='ltr'><strong>ιι..</strong></span> <span class='ocrx_word' id='word_1_132' title='bbox 1073 1758 1152 1804; x_wconf 93' lang='grc'>14.</span> <span class='ocrx_word' id='word_1_133' title='bbox 1184 1757 1211 1820; x_wconf 80' lang='lat'>§</span> <span class='ocrx_word' id='word_1_134' title='bbox 1234 1760 1285 1805; x_wconf 92' lang='grc'>2.</span> 
     </span>
    </p>

    <p class='ocr_par' dir='ltr' id='par_1_8' title="bbox 413 1833 1482 2125">
     <span class='ocr_line' id='line_1_23' title="bbox 502 1833 1482 1895; baseline -0.001 -12"><span class='ocrx_word' id='word_1_135' title='bbox 502 1833 636 1883; x_wconf 70' lang='lat' dir='ltr'>CAP-</span> <span class='ocrx_word' id='word_1_136' title='bbox 676 1846 877 1881; x_wconf 76' lang='lat' dir='ltr'>xxxiv.</span> <span class='ocrx_word' id='word_1_137' title='bbox 930 1834 959 1895; x_wconf 61' lang='grc' dir='ltr'><strong>ξ</strong></span> <span class='ocrx_word' id='word_1_138' title='bbox 999 1837 1024 1881; x_wconf 91' lang='grc'><strong>1</strong></span> <span class='ocrx_word' id='word_1_139' title='bbox 1069 1833 1147 1881; x_wconf 84' lang='lat' dir='ltr'>De</span> <span class='ocrx_word' id='word_1_140' title='bbox 1182 1833 1392 1882; x_wconf 78' lang='lat' dir='ltr'>transitu</span> <span class='ocrx_word' id='word_1_141' title='bbox 1428 1833 1482 1882; x_wconf 74' lang='lat' dir='ltr'>iu</span> 
     </span>
     <span class='ocr_line' id='line_1_24' title="bbox 413 1909 1482 1972; baseline 0.001 -14"><span class='ocrx_word' id='word_1_142' title='bbox 413 1910 615 1959; x_wconf 79' lang='lat' dir='ltr'>Italiam</span> <span class='ocrx_word' id='word_1_143' title='bbox 639 1910 886 1958; x_wconf 78' lang='lat' dir='ltr'><strong><em>Gallorum</em></strong></span> <span class='ocrx_word' id='word_1_144' title='bbox 906 1909 1008 1958; x_wconf 77' lang='lat' dir='ltr'>hoec</span> <span class='ocrx_word' id='word_1_145' title='bbox 1028 1910 1312 1972; x_wconf 76' lang='lat' dir='ltr'>accepimus]</span> <span class='ocrx_word' id='word_1_146' title='bbox 1349 1911 1482 1959; x_wconf 79' lang='lat' dir='ltr'>Gall.</span> 
     </span>
     <span class='ocr_line' id='line_1_25' title="bbox 414 1985 1481 2035; baseline 0.001 -1"><span class='ocrx_word' id='word_1_147' title='bbox 414 1986 468 2034; x_wconf 74' lang='lat' dir='ltr'>s&#39;n</span> <span class='ocrx_word' id='word_1_148' title='bbox 485 1986 603 2034; x_wconf 79' lang='lat' dir='ltr'>leae.</span> <span class='ocrx_word' id='word_1_149' title='bbox 624 1986 774 2035; x_wconf 87' lang='lat' dir='ltr'>Harl.</span> <span class='ocrx_word' id='word_1_150' title='bbox 791 1990 839 2034; x_wconf 89' lang='grc'>2.</span> <span class='ocrx_word' id='word_1_151' title='bbox 862 1986 1011 2035; x_wconf 86' lang='lat' dir='ltr'>Port.</span> <span class='ocrx_word' id='word_1_152' title='bbox 1029 1986 1170 2035; x_wconf 71' lang='lat' dir='ltr'>Har.</span> <span class='ocrx_word' id='word_1_153' title='bbox 1188 1994 1243 2035; x_wconf 89' lang='lat' dir='ltr'>et</span> <span class='ocrx_word' id='word_1_154' title='bbox 1258 1985 1481 2035; x_wconf 83' lang='lat' dir='ltr'>Gaertn.</span> 
     </span>
     <span class='ocr_line' id='line_1_26' title="bbox 413 2061 1480 2125; baseline 0.006 -15"><span class='ocrx_word' id='word_1_155' title='bbox 413 2061 626 2111; x_wconf 82' lang='lat' dir='ltr'>Deinde</span> <span class='ocrx_word' id='word_1_156' title='bbox 662 2063 748 2112; x_wconf 76' lang='lat' dir='ltr'>hoc</span> <span class='ocrx_word' id='word_1_157' title='bbox 779 2064 1040 2125; x_wconf 75' lang='lat' dir='ltr'>accepimus</span> <span class='ocrx_word' id='word_1_158' title='bbox 1074 2064 1221 2114; x_wconf 90' lang='lat' dir='ltr'>Leid.</span> <span class='ocrx_word' id='word_1_159' title='bbox 1242 2069 1292 2113; x_wconf 89' lang='grc'>2.</span> <span class='ocrx_word' id='word_1_160' title='bbox 1325 2064 1480 2116; x_wconf 87' lang='lat' dir='ltr'>Harl.</span> 
     </span>
    </p>
   </div>
   <div class='ocr_carea' id='block_1_8' title="bbox 338 2136 1478 2200">
    <p class='ocr_par' dir='ltr' id='par_1_9' title="bbox 338 2136 1478 2200">
     <span class='ocr_line' id='line_1_27' title="bbox 338 2136 1478 2200; baseline 0.002 -13"><span class='ocrx_word' id='word_1_161' title='bbox 338 2162 341 2166; x_wconf 61' lang='lat'>&gt;</span> <span class='ocrx_word' id='word_1_162' title='bbox 415 2142 465 2187; x_wconf 87' lang='grc'>2.</span> <span class='ocrx_word' id='word_1_163' title='bbox 488 2138 623 2186; x_wconf 83' lang='lat' dir='ltr'>Hav.</span> <span class='ocrx_word' id='word_1_164' title='bbox 646 2145 701 2186; x_wconf 90' lang='lat' dir='ltr'>et</span> <span class='ocrx_word' id='word_1_165' title='bbox 736 2136 924 2200; x_wconf 85' lang='lat' dir='ltr'>fragm.</span> <span class='ocrx_word' id='word_1_166' title='bbox 959 2139 1099 2188; x_wconf 83' lang='lat' dir='ltr'>Hav.</span> <span class='ocrx_word' id='word_1_167' title='bbox 1165 2139 1365 2188; x_wconf 84' lang='lat' dir='ltr'>Passim</span> <span class='ocrx_word' id='word_1_168' title='bbox 1392 2155 1478 2189; x_wconf 83' lang='lat' dir='ltr'>vo·</span> 
     </span>
    </p>
   </div>
   <div class='ocr_carea' id='block_1_9' title="bbox 401 2213 1481 4182">
    <p class='ocr_par' dir='ltr' id='par_1_10' title="bbox 413 2213 1481 2735">
     <span class='ocr_line' id='line_1_28' title="bbox 415 2213 1480 2266; baseline 0.002 -2"><span class='ocrx_word' id='word_1_169' title='bbox 415 2213 547 2264; x_wconf 80' lang='lat' dir='ltr'>culae</span> <span class='ocrx_word' id='word_1_170' title='bbox 571 2214 657 2263; x_wconf 78' lang='grc' dir='ltr'>Ιιοο</span> <span class='ocrx_word' id='word_1_171' title='bbox 677 2220 733 2263; x_wconf 90' lang='lat' dir='ltr'>et</span> <span class='ocrx_word' id='word_1_172' title='bbox 767 2214 955 2265; x_wconf 69' lang='lat' dir='ltr'>ltoecin</span> <span class='ocrx_word' id='word_1_173' title='bbox 996 2215 1128 2264; x_wconf 63' lang='grc' dir='ltr'><strong>Μαι.</strong></span> <span class='ocrx_word' id='word_1_174' title='bbox 1160 2225 1480 2266; x_wconf 86' lang='lat' dir='ltr'>commutan-</span> 
     </span>
     <span class='ocr_line' id='line_1_29' title="bbox 415 2290 1481 2343; baseline 0.004 -4"><span class='ocrx_word' id='word_1_175' title='bbox 415 2297 520 2339; x_wconf 86' lang='lat' dir='ltr'>tur.</span> <span class='ocrx_word' id='word_1_176' title='bbox 558 2290 724 2341; x_wconf 80' lang='lat' dir='ltr'>-vide</span> <span class='ocrx_word' id='word_1_177' title='bbox 748 2291 977 2342; x_wconf 83' lang='lat' dir='ltr'>Freinsh.</span> <span class='ocrx_word' id='word_1_178' title='bbox 1002 2292 1222 2342; x_wconf 89' lang='lat' dir='ltr'>indicem</span> <span class='ocrx_word' id='word_1_179' title='bbox 1246 2294 1481 2343; x_wconf 87' lang='lat' dir='ltr'>Curtian.</span> 
     </span>
     <span class='ocr_line' id='line_1_30' title="bbox 413 2366 1478 2431; baseline 0.004 -16"><span class='ocrx_word' id='word_1_180' title='bbox 413 2383 529 2431; x_wconf 83' lang='lat' dir='ltr'>voc.</span> <span class='ocrx_word' id='word_1_181' title='bbox 560 2366 752 2418; x_wconf 86' lang='lat' dir='ltr'>‘Hic.&#39;</span> <span class='ocrx_word' id='word_1_182' title='bbox 789 2368 923 2416; x_wconf 83' lang='lat' dir='ltr'>viros</span> <span class='ocrx_word' id='word_1_183' title='bbox 963 2368 1145 2418; x_wconf 84' lang='lat' dir='ltr'>doctos</span> <span class='ocrx_word' id='word_1_184' title='bbox 1185 2370 1250 2418; x_wconf 90' lang='lat' dir='ltr'>ad</span> <span class='ocrx_word' id='word_1_185' title='bbox 1279 2371 1478 2420; x_wconf 88' lang='lat' dir='ltr'>Nason.</span> 
     </span>
     <span class='ocr_line' id='line_1_31' title="bbox 416 2443 1477 2496; baseline 0.004 -4"><span class='ocrx_word' id='word_1_186' title='bbox 416 2443 637 2493; x_wconf 86' lang='lat' dir='ltr'>Metam.</span> <span class='ocrx_word' id='word_1_187' title='bbox 662 2457 792 2493; x_wconf 84' lang='lat' dir='ltr'>xm.</span> <span class='ocrx_word' id='word_1_188' title='bbox 815 2448 933 2494; x_wconf 87' lang='grc'><strong>203.</strong></span> <span class='ocrx_word' id='word_1_189' title='bbox 955 2452 1008 2493; x_wconf 88' lang='lat' dir='ltr'>et</span> <span class='ocrx_word' id='word_1_190' title='bbox 1031 2446 1092 2494; x_wconf 81' lang='lat' dir='ltr'>ad</span> <span class='ocrx_word' id='word_1_191' title='bbox 1119 2445 1233 2495; x_wconf 87' lang='lat' dir='ltr'>Liv.</span> <span class='ocrx_word' id='word_1_192' title='bbox 1254 2459 1378 2496; x_wconf 83' lang='lat' dir='ltr'>vm.</span> <span class='ocrx_word' id='word_1_193' title='bbox 1393 2449 1477 2496; x_wconf 91' lang='grc'>23.</span> 
     </span>
     <span class='ocr_line' id='line_1_32' title="bbox 413 2520 1479 2584; baseline 0.003 -16"><span class='ocrx_word' id='word_1_194' title='bbox 413 2523 442 2584; x_wconf 82' lang='lat'>§</span> <span class='ocrx_word' id='word_1_195' title='bbox 467 2524 514 2568; x_wconf 87' lang='grc'>3.</span> <span class='ocrx_word' id='word_1_196' title='bbox 583 2520 708 2569; x_wconf 88' lang='lat' dir='ltr'>Pari</span> <span class='ocrx_word' id='word_1_197' title='bbox 748 2521 900 2569; x_wconf 88' lang='lat' dir='ltr'>modo</span> <span class='ocrx_word' id='word_1_198' title='bbox 932 2522 1089 2570; x_wconf 74' lang='lat' dir='ltr'>etiam</span> <span class='ocrx_word' id='word_1_199' title='bbox 1123 2524 1187 2571; x_wconf 82' lang='lat' dir='ltr'>ad</span> <span class='ocrx_word' id='word_1_200' title='bbox 1217 2523 1320 2571; x_wconf 72' lang='lat' dir='ltr'>laec</span> <span class='ocrx_word' id='word_1_201' title='bbox 1338 2529 1394 2571; x_wconf 87' lang='lat' dir='ltr'>et</span> <span class='ocrx_word' id='word_1_202' title='bbox 1414 2524 1479 2571; x_wconf 79' lang='lat' dir='ltr'>ud</span> 
     </span>
     <span class='ocr_line' id='line_1_33' title="bbox 413 2594 1476 2648; baseline 0.005 -6"><span class='ocrx_word' id='word_1_203' title='bbox 413 2594 500 2643; x_wconf 68' lang='lat' dir='ltr'>hoc</span> <span class='ocrx_word' id='word_1_204' title='bbox 537 2594 788 2644; x_wconf 82' lang='lat' dir='ltr'>confundi</span> <span class='ocrx_word' id='word_1_205' title='bbox 827 2596 1014 2645; x_wconf 87' lang='lat' dir='ltr'>solent.</span> <span class='ocrx_word' id='word_1_206' title='bbox 1046 2597 1212 2647; x_wconf 84' lang='lat' dir='ltr'>·Vide</span> <span class='ocrx_word' id='word_1_207' title='bbox 1252 2599 1316 2647; x_wconf 86' lang='lat' dir='ltr'>ad</span> <span class='ocrx_word' id='word_1_208' title='bbox 1353 2611 1476 2648; x_wconf 71' lang='lat' dir='ltr'>xxi.</span> 
     </span>
     <span class='ocr_line' id='line_1_34' title="bbox 415 2673 658 2735; baseline 0.004 -16"><span class='ocrx_word' id='word_1_209' title='bbox 415 2673 498 2720; x_wconf 90' lang='grc'>62.</span> <span class='ocrx_word' id='word_1_210' title='bbox 523 2673 658 2735; x_wconf 61' lang='lat' dir='ltr'>§lm</span> 
     </span>
    </p>

    <p class='ocr_par' dir='ltr' id='par_1_11' title="bbox 407 2697 1481 3727">
     <span class='ocr_line' id='line_1_35' title="bbox 481 2697 1481 2816; baseline 0.006 -20"><span class='ocrx_word' id='word_1_211' title='bbox 481 2748 531 2796; x_wconf 78' lang='lat' dir='ltr'>Ii</span> <span class='ocrx_word' id='word_1_212' title='bbox 551 2763 710 2811; x_wconf 79' lang='lat' dir='ltr'>regem</span> <span class='ocrx_word' id='word_1_213' title='bbox 735 2748 918 2799; x_wconf 79' lang='lat' dir='ltr'>Celtico</span> <span class='ocrx_word' id='word_1_214' title='bbox 941 2697 1148 2816; x_wconf 78' lang='lat' dir='ltr'>dabant]</span> <span class='ocrx_word' id='word_1_215' title='bbox 1183 2749 1322 2800; x_wconf 85' lang='lat' dir='ltr'>Vide</span> <span class='ocrx_word' id='word_1_216' title='bbox 1345 2752 1481 2802; x_wconf 85' lang='lat' dir='ltr'>Gro-</span> 
     </span>
     <span class='ocr_line' id='line_1_36' title="bbox 413 2824 1481 2877; baseline 0.006 -6"><span class='ocrx_word' id='word_1_217' title='bbox 413 2833 532 2872; x_wconf 79' lang='lat' dir='ltr'>nov.</span> <span class='ocrx_word' id='word_1_218' title='bbox 559 2824 785 2877; x_wconf 79' lang='lat' dir='ltr'>Observ.</span> <span class='ocrx_word' id='word_1_219' title='bbox 809 2840 872 2875; x_wconf 82' lang='grc' dir='ltr'>ιι.</span> <span class='ocrx_word' id='word_1_220' title='bbox 897 2830 944 2876; x_wconf 87' lang='grc'>3.</span> <span class='ocrx_word' id='word_1_221' title='bbox 968 2826 1019 2875; x_wconf 91' lang='lat' dir='ltr'>in</span> <span class='ocrx_word' id='word_1_222' title='bbox 1037 2826 1157 2876; x_wconf 83' lang='lat' dir='ltr'>fine.</span> <span class='ocrx_word' id='word_1_223' title='bbox 1180 2828 1314 2877; x_wconf 80' lang='lat' dir='ltr'>Duk.</span> <span class='ocrx_word' id='word_1_224' title='bbox 1371 2829 1481 2877; x_wconf 85' lang='lat' dir='ltr'>Cel</span> 
     </span>
     <span class='ocr_line' id='line_1_37' title="bbox 412 2899 1481 2969; baseline 0.007 -22"><span class='ocrx_word' id='word_1_225' title='bbox 412 2899 480 2949; x_wconf 76' lang='lat' dir='ltr'>tis</span> <span class='ocrx_word' id='word_1_226' title='bbox 500 2899 675 2952; x_wconf 73' lang='lat' dir='ltr'>dabant</span> <span class='ocrx_word' id='word_1_227' title='bbox 699 2902 851 2950; x_wconf 90' lang='lat' dir='ltr'>Voss.</span> <span class='ocrx_word' id='word_1_228' title='bbox 870 2905 920 2950; x_wconf 90' lang='grc'>2.</span> <span class='ocrx_word' id='word_1_229' title='bbox 944 2910 1002 2951; x_wconf 92' lang='lat' dir='ltr'>et</span> <span class='ocrx_word' id='word_1_230' title='bbox 1025 2903 1153 2951; x_wconf 79' lang='lat' dir='ltr'>Lov.</span> <span class='ocrx_word' id='word_1_231' title='bbox 1183 2907 1232 2951; x_wconf 90' lang='grc'>3.</span> <span class='ocrx_word' id='word_1_232' title='bbox 1269 2904 1481 2969; x_wconf 87' lang='lat' dir='ltr'>reliquis</span> 
     </span>
     <span class='ocr_line' id='line_1_38' title="bbox 413 2975 1480 3044; baseline 0.006 -21"><span class='ocrx_word' id='word_1_233' title='bbox 413 2975 612 3038; x_wconf 80' lang='lat' dir='ltr'>invitis,</span> <span class='ocrx_word' id='word_1_234' title='bbox 644 2978 730 3041; x_wconf 87' lang='lat' dir='ltr'>qui</span> <span class='ocrx_word' id='word_1_235' title='bbox 757 2978 934 3027; x_wconf 79' lang='lat' dir='ltr'>Celtico</span> <span class='ocrx_word' id='word_1_236' title='bbox 955 2987 1186 3041; x_wconf 84' lang='lat' dir='ltr'>servant,</span> <span class='ocrx_word' id='word_1_237' title='bbox 1219 2980 1316 3028; x_wconf 91' lang='lat' dir='ltr'>nisi</span> <span class='ocrx_word' id='word_1_238' title='bbox 1339 2979 1480 3044; x_wconf 87' lang='lat' dir='ltr'>quod</span> 
     </span>
     <span class='ocr_line' id='line_1_39' title="bbox 419 3052 1481 3113; baseline 0.006 -13"><span class='ocrx_word' id='word_1_239' title='bbox 419 3052 605 3113; x_wconf 80' lang='lat' dir='ltr'>Celtigo</span> <span class='ocrx_word' id='word_1_240' title='bbox 629 3055 699 3102; x_wconf 89' lang='lat' dir='ltr'>sit</span> <span class='ocrx_word' id='word_1_241' title='bbox 722 3054 771 3102; x_wconf 91' lang='lat' dir='ltr'>in</span> <span class='ocrx_word' id='word_1_242' title='bbox 797 3054 947 3103; x_wconf 89' lang='lat' dir='ltr'>Harl.</span> <span class='ocrx_word' id='word_1_243' title='bbox 972 3059 1018 3105; x_wconf 88' lang='grc'>1.</span> <span class='ocrx_word' id='word_1_244' title='bbox 1057 3056 1240 3106; x_wconf 80' lang='lat' dir='ltr'>Celtica</span> <span class='ocrx_word' id='word_1_245' title='bbox 1262 3063 1481 3106; x_wconf 83' lang='lat' dir='ltr'>vocatur</span> 
     </span>
     <span class='ocr_line' id='line_1_40' title="bbox 411 3128 1480 3183; baseline 0.006 -6"><span class='ocrx_word' id='word_1_246' title='bbox 411 3128 588 3177; x_wconf 86' lang='lat' dir='ltr'>Plinio</span> <span class='ocrx_word' id='word_1_247' title='bbox 623 3129 764 3179; x_wconf 89' lang='lat' dir='ltr'>Hist.</span> <span class='ocrx_word' id='word_1_248' title='bbox 796 3131 924 3180; x_wconf 89' lang='lat' dir='ltr'>Nat.</span> <span class='ocrx_word' id='word_1_249' title='bbox 961 3145 1040 3180; x_wconf 69' lang='grc' dir='ltr'>ιν.</span> <span class='ocrx_word' id='word_1_250' title='bbox 1075 3136 1156 3181; x_wconf 86' lang='grc'>17.</span> <span class='ocrx_word' id='word_1_251' title='bbox 1191 3132 1305 3182; x_wconf 86' lang='lat' dir='ltr'>‘Ab</span> <span class='ocrx_word' id='word_1_252' title='bbox 1327 3148 1388 3183; x_wconf 87' lang='lat' dir='ltr'>eo</span> <span class='ocrx_word' id='word_1_253' title='bbox 1412 3133 1480 3183; x_wconf 91' lang='lat' dir='ltr'>ad</span> 
     </span>
     <span class='ocr_line' id='line_1_41' title="bbox 414 3201 1481 3272; baseline 0.004 -19"><span class='ocrx_word' id='word_1_254' title='bbox 414 3201 732 3254; x_wconf 76' lang='lat' dir='ltr'>Garumnam</span> <span class='ocrx_word' id='word_1_255' title='bbox 767 3205 985 3269; x_wconf 86' lang='lat' dir='ltr'>Celtica,</span> <span class='ocrx_word' id='word_1_256' title='bbox 1018 3207 1304 3271; x_wconf 87' lang='lat' dir='ltr'>eademque</span> <span class='ocrx_word' id='word_1_257' title='bbox 1339 3210 1481 3272; x_wconf 81' lang='lat' dir='ltr'>Lug-</span> 
     </span>
     <span class='ocr_line' id='line_1_42' title="bbox 413 3279 1478 3341; baseline 0.006 -13"><span class='ocrx_word' id='word_1_258' title='bbox 413 3279 694 3330; x_wconf 68' lang='lat' dir='ltr'>dunensis!</span> <span class='ocrx_word' id='word_1_259' title='bbox 755 3281 1001 3331; x_wconf 74' lang='lat' dir='ltr'>Straboni</span> <span class='ocrx_word' id='word_1_260' title='bbox 1025 3282 1252 3341; x_wconf 78' lang='grc' dir='ltr'><strong>Κελτική.</strong></span> <span class='ocrx_word' id='word_1_261' title='bbox 1307 3285 1411 3335; x_wconf 90' lang='lat' dir='ltr'>Sed</span> <span class='ocrx_word' id='word_1_262' title='bbox 1436 3286 1478 3334; x_wconf 89' lang='lat' dir='ltr'>is</span> 
     </span>
     <span class='ocr_line' id='line_1_43' title="bbox 413 3358 1477 3412; baseline 0.005 -5"><span class='ocrx_word' id='word_1_263' title='bbox 413 3372 477 3407; x_wconf 87' lang='lat' dir='ltr'>eo</span> <span class='ocrx_word' id='word_1_264' title='bbox 500 3358 706 3410; x_wconf 88' lang='lat' dir='ltr'>nomine</span> <span class='ocrx_word' id='word_1_265' title='bbox 732 3359 1020 3409; x_wconf 81' lang='lat' dir='ltr'>universam</span> <span class='ocrx_word' id='word_1_266' title='bbox 1044 3360 1264 3410; x_wconf 84' lang='lat' dir='ltr'>Galliam</span> <span class='ocrx_word' id='word_1_267' title='bbox 1287 3362 1477 3412; x_wconf 86' lang='lat' dir='ltr'>inteili-</span> 
     </span>
     <span class='ocr_line' id='line_1_44' title="bbox 411 3433 1479 3496; baseline 0.007 -15"><span class='ocrx_word' id='word_1_268' title='bbox 411 3433 507 3496; x_wconf 75' lang='lat' dir='ltr'>git.</span> <span class='ocrx_word' id='word_1_269' title='bbox 557 3434 1007 3485; x_wconf 80' lang='lat' dir='ltr'>Quemadmodum</span> <span class='ocrx_word' id='word_1_270' title='bbox 1032 3443 1203 3485; x_wconf 89' lang='lat' dir='ltr'>autem</span> <span class='ocrx_word' id='word_1_271' title='bbox 1228 3437 1325 3486; x_wconf 88' lang='lat' dir='ltr'>sub</span> <span class='ocrx_word' id='word_1_272' title='bbox 1348 3452 1479 3488; x_wconf 85' lang='lat' dir='ltr'>voce</span> 
     </span>
     <span class='ocr_line' id='line_1_45' title="bbox 409 3508 1475 3575; baseline 0.005 -17"><span class='ocrx_word' id='word_1_273' title='bbox 409 3510 432 3537; x_wconf 72' lang='lat'><strong><em>⁶</em></strong></span> <span class='ocrx_word' id='word_1_274' title='bbox 450 3509 653 3559; x_wconf 87' lang='lat' dir='ltr'>Celtica</span> <span class='ocrx_word' id='word_1_275' title='bbox 670 3508 685 3530; x_wconf 87' lang='lat'>’</span> <span class='ocrx_word' id='word_1_276' title='bbox 708 3509 1018 3572; x_wconf 74' lang='lat' dir='ltr'>intelligitur</span> <span class='ocrx_word' id='word_1_277' title='bbox 1041 3512 1057 3539; x_wconf 89' lang='lat'>‘</span> <span class='ocrx_word' id='word_1_278' title='bbox 1073 3512 1262 3575; x_wconf 67' lang='lat' dir='ltr'>regio:</span> <span class='ocrx_word' id='word_1_279' title='bbox 1283 3512 1356 3561; x_wconf 88' lang='lat' dir='ltr'>ita</span> <span class='ocrx_word' id='word_1_280' title='bbox 1378 3514 1475 3564; x_wconf 87' lang='lat' dir='ltr'>sub</span> 
     </span>
     <span class='ocr_line' id='line_1_46' title="bbox 407 3584 1476 3648; baseline -0.001 -13"><span class='ocrx_word' id='word_1_281' title='bbox 407 3588 424 3615; x_wconf 81' lang='lat'>⁸</span> <span class='ocrx_word' id='word_1_282' title='bbox 443 3586 702 3635; x_wconf 81' lang='lat' dir='ltr'>Celticum</span> <span class='ocrx_word' id='word_1_283' title='bbox 718 3584 733 3606; x_wconf 92' lang='lat'><em>&#39;</em></span> <span class='ocrx_word' id='word_1_284' title='bbox 769 3585 989 3648; x_wconf 83' lang='lat' dir='ltr'>intelligi</span> <span class='ocrx_word' id='word_1_285' title='bbox 1014 3594 1189 3648; x_wconf 87' lang='lat' dir='ltr'>potest</span> <span class='ocrx_word' id='word_1_286' title='bbox 1207 3588 1289 3637; x_wconf 84' lang='lat' dir='ltr'>vel</span> <span class='ocrx_word' id='word_1_287' title='bbox 1324 3589 1340 3616; x_wconf 94' lang='lat'>‘</span> <span class='ocrx_word' id='word_1_288' title='bbox 1359 3602 1476 3639; x_wconf 84' lang='lat' dir='ltr'>cor.</span> 
     </span>
     <span class='ocr_line' id='line_1_47' title="bbox 409 3660 1473 3727; baseline 0.008 -18"><span class='ocrx_word' id='word_1_289' title='bbox 409 3660 545 3726; x_wconf 63' lang='lat' dir='ltr'>pus:</span> <span class='ocrx_word' id='word_1_290' title='bbox 571 3661 652 3709; x_wconf 84' lang='lat' dir='ltr'>vel</span> <span class='ocrx_word' id='word_1_291' title='bbox 674 3663 690 3689; x_wconf 87' lang='lat'>‘</span> <span class='ocrx_word' id='word_1_292' title='bbox 715 3660 1025 3723; x_wconf 87' lang='lat' dir='ltr'>imperium,’</span> <span class='ocrx_word' id='word_1_293' title='bbox 1043 3663 1125 3711; x_wconf 84' lang='lat' dir='ltr'>vel</span> <span class='ocrx_word' id='word_1_294' title='bbox 1141 3663 1262 3727; x_wconf 82' lang='lat' dir='ltr'>quid</span> <span class='ocrx_word' id='word_1_295' title='bbox 1287 3665 1473 3718; x_wconf 86' lang='lat' dir='ltr'>simile.</span> 
     </span>
    </p>

    <p class='ocr_par' dir='ltr' id='par_1_12' title="bbox 410 3736 1477 3875">
     <span class='ocr_line' id='line_1_48' title="bbox 473 3736 1477 3808; baseline 0.006 -23"><span class='ocrx_word' id='word_1_296' title='bbox 473 3740 502 3801; x_wconf 64' lang='grc' dir='ltr'><strong>ξ</strong></span> <span class='ocrx_word' id='word_1_297' title='bbox 540 3741 572 3786; x_wconf 88' lang='grc'>2</span> <span class='ocrx_word' id='word_1_298' title='bbox 622 3736 906 3808; x_wconf 66' lang='lat' dir='ltr'>Ambigatus</span> <span class='ocrx_word' id='word_1_299' title='bbox 937 3738 982 3785; x_wconf 79' lang='lat' dir='ltr'>is</span> <span class='ocrx_word' id='word_1_300' title='bbox 1007 3737 1141 3800; x_wconf 80' lang='lat' dir='ltr'>suit]</span> <span class='ocrx_word' id='word_1_301' title='bbox 1185 3738 1477 3803; x_wconf 73' lang='lat' dir='ltr'>Ambigarus</span> 
     </span>
     <span class='ocr_line' id='line_1_49' title="bbox 410 3807 1343 3875; baseline 0.004 -13"><span class='ocrx_word' id='word_1_302' title='bbox 410 3807 559 3862; x_wconf 76' lang='lat' dir='ltr'>Ha‘rl.</span> <span class='ocrx_word' id='word_1_303' title='bbox 576 3817 624 3861; x_wconf 94' lang='grc'>2.</span> <span class='ocrx_word' id='word_1_304' title='bbox 647 3818 703 3861; x_wconf 88' lang='lat' dir='ltr'>et</span> <span class='ocrx_word' id='word_1_305' title='bbox 726 3814 874 3863; x_wconf 88' lang='lat' dir='ltr'>Port.</span> <span class='ocrx_word' id='word_1_306' title='bbox 899 3813 1185 3875; x_wconf 72' lang='lat' dir='ltr'>Ambigunis</span> <span class='ocrx_word' id='word_1_307' title='bbox 1204 3816 1343 3866; x_wconf 85' lang='lat' dir='ltr'>Hav.</span> 
     </span>
    </p>

    <p class='ocr_par' dir='ltr' id='par_1_13' title="bbox 401 3892 1476 4182">
     <span class='ocr_line' id='line_1_50' title="bbox 457 3892 1472 3960; baseline 0.005 -20"><span class='ocrx_word' id='word_1_308' title='bbox 457 3893 461 3897; x_wconf 73' lang='grc'><strong><em>’</em></strong></span> <span class='ocrx_word' id='word_1_309' title='bbox 481 3892 780 3954; x_wconf 70' lang='lat' dir='ltr'>Fortunaque</span> <span class='ocrx_word' id='word_1_310' title='bbox 800 3897 905 3942; x_wconf 82' lang='lat' dir='ltr'>tum</span> <span class='ocrx_word' id='word_1_311' title='bbox 920 3908 1023 3948; x_wconf 79' lang='lat' dir='ltr'>suu,</span> <span class='ocrx_word' id='word_1_312' title='bbox 1038 3899 1138 3943; x_wconf 82' lang='lat' dir='ltr'>tum</span> <span class='ocrx_word' id='word_1_313' title='bbox 1152 3894 1339 3957; x_wconf 78' lang='lat' dir='ltr'>publica</span> <span class='ocrx_word' id='word_1_314' title='bbox 1347 3911 1472 3960; x_wconf 82' lang='lat' dir='ltr'>prae-</span> 
     </span>
     <span class='ocr_line' id='line_1_51' title="bbox 401 3965 1474 4032; baseline 0.007 -18"><span class='ocrx_word' id='word_1_315' title='bbox 401 3965 609 4029; x_wconf 79' lang='lat' dir='ltr'>pollens]</span> <span class='ocrx_word' id='word_1_316' title='bbox 645 3967 740 4015; x_wconf 86' lang='lat' dir='ltr'>Est</span> <span class='ocrx_word' id='word_1_317' title='bbox 762 3968 814 4015; x_wconf 92' lang='lat' dir='ltr'>in</span> <span class='ocrx_word' id='word_1_318' title='bbox 837 3968 1018 4016; x_wconf 86' lang='lat' dir='ltr'>codice</span> <span class='ocrx_word' id='word_1_319' title='bbox 1054 3971 1220 4020; x_wconf 83' lang='lat' dir='ltr'>veteri</span> <span class='ocrx_word' id='word_1_320' title='bbox 1245 3972 1474 4032; x_wconf 76' lang='lat' dir='ltr'>fortuna-</span> 
     </span>
     <span class='ocr_line' id='line_1_52' title="bbox 409 4042 1476 4105; baseline 0.005 -15"><span class='ocrx_word' id='word_1_321' title='bbox 409 4056 500 4105; x_wconf 81' lang='lat' dir='ltr'>que</span> <span class='ocrx_word' id='word_1_322' title='bbox 518 4057 624 4090; x_wconf 79' lang='lat' dir='ltr'>cum</span> <span class='ocrx_word' id='word_1_323' title='bbox 642 4056 749 4103; x_wconf 82' lang='lat' dir='ltr'>sua,</span> <span class='ocrx_word' id='word_1_324' title='bbox 768 4046 868 4090; x_wconf 83' lang='lat' dir='ltr'>tum</span> <span class='ocrx_word' id='word_1_325' title='bbox 885 4042 1086 4104; x_wconf 82' lang='lat' dir='ltr'>publica.</span> <span class='ocrx_word' id='word_1_326' title='bbox 1122 4045 1287 4095; x_wconf 85' lang='lat' dir='ltr'>Rben.</span> <span class='ocrx_word' id='word_1_327' title='bbox 1354 4046 1476 4095; x_wconf 85' lang='lat' dir='ltr'>Tum</span> 
     </span>
     <span class='ocr_line' id='line_1_53' title="bbox 406 4116 1475 4182; baseline 0.004 -15"><span class='ocrx_word' id='word_1_328' title='bbox 406 4131 494 4167; x_wconf 79' lang='lat' dir='ltr'>sua</span> <span class='ocrx_word' id='word_1_329' title='bbox 549 4116 774 4165; x_wconf 87' lang='lat' dir='ltr'>retinent</span> <span class='ocrx_word' id='word_1_330' title='bbox 818 4116 971 4166; x_wconf 85' lang='lat' dir='ltr'>Voss.</span> <span class='ocrx_word' id='word_1_331' title='bbox 1016 4118 1381 4182; x_wconf 70' lang='lat' dir='ltr'>ambo,‘Leid.</span> <span class='ocrx_word' id='word_1_332' title='bbox 1422 4126 1475 4171; x_wconf 89' lang='grc'>2.</span> 
     </span>
    </p>
   </div>
   <div class='ocr_carea' id='block_1_10' title="bbox 406 4192 1472 4334">
    <p class='ocr_par' dir='ltr' id='par_1_14' title="bbox 406 4192 1472 4334">
     <span class='ocr_line' id='line_1_54' title="bbox 407 4192 1472 4249; baseline 0.005 -6"><span class='ocrx_word' id='word_1_333' title='bbox 407 4193 535 4243; x_wconf 81' lang='lat' dir='ltr'>Lov.</span> <span class='ocrx_word' id='word_1_334' title='bbox 555 4196 603 4241; x_wconf 89' lang='grc'>2.</span> <span class='ocrx_word' id='word_1_335' title='bbox 624 4195 672 4240; x_wconf 78' lang='grc'>3.</span> <span class='ocrx_word' id='word_1_336' title='bbox 693 4197 741 4242; x_wconf 87' lang='grc'>4.</span> <span class='ocrx_word' id='word_1_337' title='bbox 763 4198 813 4241; x_wconf 87' lang='grc'>6.</span> <span class='ocrx_word' id='word_1_338' title='bbox 838 4193 986 4241; x_wconf 90' lang='lat' dir='ltr'>Port.</span> <span class='ocrx_word' id='word_1_339' title='bbox 1010 4192 1231 4244; x_wconf 84' lang='lat' dir='ltr'>Gaertn.</span> <span class='ocrx_word' id='word_1_340' title='bbox 1254 4196 1391 4247; x_wconf 84' lang='lat' dir='ltr'>Hav.</span> <span class='ocrx_word' id='word_1_341' title='bbox 1415 4204 1472 4249; x_wconf 87' lang='lat' dir='ltr'>et</span> 
     </span>
     <span class='ocr_line' id='line_1_55' title="bbox 406 4267 1471 4334; baseline 0.007 -15"><span class='ocrx_word' id='word_1_342' title='bbox 406 4268 591 4334; x_wconf 72' lang='lat' dir='ltr'>fragm.</span> <span class='ocrx_word' id='word_1_343' title='bbox 621 4267 760 4319; x_wconf 85' lang='lat' dir='ltr'>Hav.</span> <span class='ocrx_word' id='word_1_344' title='bbox 827 4269 932 4319; x_wconf 88' lang='lat' dir='ltr'>Sed</span> <span class='ocrx_word' id='word_1_345' title='bbox 966 4284 1084 4320; x_wconf 86' lang='lat' dir='ltr'>cum</span> <span class='ocrx_word' id='word_1_346' title='bbox 1117 4272 1352 4324; x_wconf 78' lang='lat' dir='ltr'>Rhenaui</span> <span class='ocrx_word' id='word_1_347' title='bbox 1381 4290 1471 4327; x_wconf 87' lang='lat' dir='ltr'>co-</span> 
     </span>
    </p>
   </div>
   <div class='ocr_carea' id='block_1_11' title="bbox 1555 905 2626 1285">
    <p class='ocr_par' dir='ltr' id='par_1_15' title="bbox 1555 905 2626 1285">
     <span class='ocr_line' id='line_1_56' title="bbox 1556 905 2620 970; baseline -0.003 -12"><span class='ocrx_word' id='word_1_348' title='bbox 1556 910 1830 959; x_wconf 87' lang='lat' dir='ltr'>latinorum</span> <span class='ocrx_word' id='word_1_349' title='bbox 1867 911 1997 960; x_wconf 84' lang='lat' dir='ltr'>Mss.</span> <span class='ocrx_word' id='word_1_350' title='bbox 2035 911 2151 970; x_wconf 86' lang='lat' dir='ltr'>biga</span> <span class='ocrx_word' id='word_1_351' title='bbox 2187 907 2246 957; x_wconf 75' lang='grc' dir='ltr'>τὸ</span> <span class='ocrx_word' id='word_1_352' title='bbox 2265 909 2334 957; x_wconf 75' lang='lat' dir='ltr'>in.</span> <span class='ocrx_word' id='word_1_353' title='bbox 2399 905 2550 955; x_wconf 81' lang='lat' dir='ltr'>Infra</span> <span class='ocrx_word' id='word_1_354' title='bbox 2573 919 2620 955; x_wconf 84' lang='lat' dir='ltr'>c.</span> 
     </span>
     <span class='ocr_line' id='line_1_57' title="bbox 1555 980 2620 1041; baseline -0.006 -5"><span class='ocrx_word' id='word_1_355' title='bbox 1555 989 1640 1041; x_wconf 80' lang='grc'>47.</span> <span class='ocrx_word' id='word_1_356' title='bbox 1663 986 1860 1036; x_wconf 85' lang='lat' dir='ltr'>babent</span> <span class='ocrx_word' id='word_1_357' title='bbox 1885 986 1988 1036; x_wconf 90' lang='lat' dir='ltr'>duo</span> <span class='ocrx_word' id='word_1_358' title='bbox 2024 987 2152 1035; x_wconf 84' lang='lat' dir='ltr'>Mss.</span> <span class='ocrx_word' id='word_1_359' title='bbox 2184 983 2324 1033; x_wconf 82' lang='lat' dir='ltr'>Pau.</span> <span class='ocrx_word' id='word_1_360' title='bbox 2361 980 2620 1031; x_wconf 85' lang='lat' dir='ltr'>‘Interim</span> 
     </span>
     <span class='ocr_line' id='line_1_58' title="bbox 1557 1058 2622 1128; baseline -0.004 -16"><span class='ocrx_word' id='word_1_361' title='bbox 1557 1078 1650 1113; x_wconf 85' lang='lat' dir='ltr'>arx</span> <span class='ocrx_word' id='word_1_362' title='bbox 1707 1065 1887 1112; x_wconf 63' lang='lat' dir='ltr'>Romae</span> <span class='ocrx_word' id='word_1_363' title='bbox 1942 1063 2378 1128; x_wconf 84' lang='lat' dir='ltr'>Capitoliumque.</span> <span class='ocrx_word' id='word_1_364' title='bbox 2418 1058 2622 1121; x_wconf 84' lang='lat' dir='ltr'>ingenti</span> 
     </span>
     <span class='ocr_line' id='line_1_59' title="bbox 1556 1135 2622 1205; baseline -0.006 -15"><span class='ocrx_word' id='word_1_365' title='bbox 1556 1141 1790 1205; x_wconf 88' lang='lat' dir='ltr'>periculo</span> <span class='ocrx_word' id='word_1_366' title='bbox 1828 1136 1967 1190; x_wconf 57' lang='lat' dir='ltr'>fuit?</span> <span class='ocrx_word' id='word_1_367' title='bbox 2012 1143 2182 1191; x_wconf 76' lang='lat' dir='ltr'>c.·52.</span> <span class='ocrx_word' id='word_1_368' title='bbox 2204 1146 2220 1169; x_wconf 77' lang='lat'>⁸</span> <span class='ocrx_word' id='word_1_369' title='bbox 2240 1137 2323 1186; x_wconf 88' lang='lat' dir='ltr'>An</span> <span class='ocrx_word' id='word_1_370' title='bbox 2356 1135 2622 1200; x_wconf 74' lang='lat' dir='ltr'>&#39;gentilitia</span> 
     </span>
     <span class='ocr_line' id='line_1_60' title="bbox 1556 1215 2626 1285; baseline -0.006 -16"><span class='ocrx_word' id='word_1_371' title='bbox 1556 1235 1706 1270; x_wconf 86' lang='lat' dir='ltr'>sacra</span> <span class='ocrx_word' id='word_1_372' title='bbox 1761 1235 1828 1271; x_wconf 90' lang='lat' dir='ltr'>ne</span> <span class='ocrx_word' id='word_1_373' title='bbox 1881 1221 2018 1271; x_wconf 89' lang='lat' dir='ltr'>bello</span> <span class='ocrx_word' id='word_1_374' title='bbox 2076 1219 2284 1285; x_wconf 87' lang='lat' dir='ltr'>quidem</span> <span class='ocrx_word' id='word_1_375' title='bbox 2326 1215 2626 1277; x_wconf 83' lang='lat' dir='ltr'>intermitti,</span> 
     </span>
    </p>
   </div>
   <div class='ocr_carea' id='block_1_12' title="bbox 1535 1293 2623 1361">
    <p class='ocr_par' dir='ltr' id='par_1_16' title="bbox 1535 1293 2623 1361">
     <span class='ocr_line' id='line_1_61' title="bbox 1535 1293 2623 1361; baseline -0.008 -13"><span class='ocrx_word' id='word_1_376' title='bbox 1535 1297 1767 1361; x_wconf 70' lang='lat' dir='ltr'>publica</span> <span class='ocrx_word' id='word_1_377' title='bbox 1783 1311 1927 1347; x_wconf 84' lang='lat' dir='ltr'>sacra</span> <span class='ocrx_word' id='word_1_378' title='bbox 1944 1304 2000 1346; x_wconf 88' lang='lat' dir='ltr'>et</span> <span class='ocrx_word' id='word_1_379' title='bbox 2019 1297 2279 1346; x_wconf 82' lang='lat' dir='ltr'>Romanos</span> <span class='ocrx_word' id='word_1_380' title='bbox 2299 1294 2439 1342; x_wconf 88' lang='lat' dir='ltr'>Deos</span> <span class='ocrx_word' id='word_1_381' title='bbox 2459 1293 2623 1341; x_wconf 86' lang='lat' dir='ltr'>etiam</span> 
     </span>
    </p>
   </div>
   <div class='ocr_carea' id='block_1_13' title="bbox 1552 1369 2662 2505">
    <p class='ocr_par' dir='ltr' id='par_1_17' title="bbox 1552 1369 2662 2505">
     <span class='ocr_line' id='line_1_62' title="bbox 1555 1369 2623 1438; baseline -0.006 -16"><span class='ocrx_word' id='word_1_382' title='bbox 1555 1376 1606 1423; x_wconf 90' lang='lat' dir='ltr'>in</span> <span class='ocrx_word' id='word_1_383' title='bbox 1642 1389 1771 1438; x_wconf 90' lang='lat' dir='ltr'>pace</span> <span class='ocrx_word' id='word_1_384' title='bbox 1804 1374 1975 1423; x_wconf 89' lang='lat' dir='ltr'>deseri</span> <span class='ocrx_word' id='word_1_385' title='bbox 2009 1371 2235 1437; x_wconf 64' lang='lat' dir='ltr'>placet?</span> <span class='ocrx_word' id='word_1_386' title='bbox 2271 1370 2426 1420; x_wconf 68' lang='lat' dir='ltr'>Geba.</span> <span class='ocrx_word' id='word_1_387' title='bbox 2491 1369 2623 1417; x_wconf 87' lang='lat' dir='ltr'>Mss.</span> 
     </span>
     <span class='ocr_line' id='line_1_63' title="bbox 1555 1444 2622 1513; baseline -0.007 -13"><span class='ocrx_word' id='word_1_388' title='bbox 1555 1450 1809 1507; x_wconf 76' lang='lat' dir='ltr'>Andreas,</span> <span class='ocrx_word' id='word_1_389' title='bbox 1851 1451 1979 1501; x_wconf 87' lang='lat' dir='ltr'>Bec.</span> <span class='ocrx_word' id='word_1_390' title='bbox 2024 1450 2232 1513; x_wconf 83' lang='lat' dir='ltr'>aliique,</span> <span class='ocrx_word' id='word_1_391' title='bbox 2254 1448 2377 1512; x_wconf 79' lang='lat' dir='ltr'>quod</span> <span class='ocrx_word' id='word_1_392' title='bbox 2420 1444 2622 1509; x_wconf 75' lang='lat' dir='ltr'>imperio</span> 
     </span>
     <span class='ocr_line' id='line_1_64' title="bbox 1554 1521 2621 1588; baseline -0.008 -11"><span class='ocrx_word' id='word_1_393' title='bbox 1554 1527 1671 1588; x_wconf 64' lang='lat' dir='ltr'>qius.</span> <span class='ocrx_word' id='word_1_394' title='bbox 1740 1528 1847 1576; x_wconf 91' lang='lat' dir='ltr'>Cur</span> <span class='ocrx_word' id='word_1_395' title='bbox 1878 1525 2181 1576; x_wconf 78' lang='lat' dir='ltr'>mutarunt?</span> <span class='ocrx_word' id='word_1_396' title='bbox 2214 1523 2359 1587; x_wconf 87' lang='lat' dir='ltr'>qnasi</span> <span class='ocrx_word' id='word_1_397' title='bbox 2391 1534 2495 1570; x_wconf 89' lang='lat' dir='ltr'>non</span> <span class='ocrx_word' id='word_1_398' title='bbox 2529 1521 2621 1583; x_wconf 63' lang='lat' dir='ltr'>sit,</span> 
     </span>
     <span class='ocr_line' id='line_1_65' title="bbox 1556 1600 2622 1666; baseline -0.004 -15"><span class='ocrx_word' id='word_1_399' title='bbox 1556 1610 1572 1633; x_wconf 84' lang='lat'>‘</span> <span class='ocrx_word' id='word_1_400' title='bbox 1607 1604 1897 1666; x_wconf 77' lang='lat' dir='ltr'>imperante</span> <span class='ocrx_word' id='word_1_401' title='bbox 1941 1600 2070 1652; x_wconf 88' lang='lat' dir='ltr'>illo.’</span> <span class='ocrx_word' id='word_1_402' title='bbox 2166 1600 2369 1650; x_wconf 87' lang='lat' dir='ltr'>Plinius</span> <span class='ocrx_word' id='word_1_403' title='bbox 2418 1608 2522 1647; x_wconf 82' lang='lat' dir='ltr'>vn.</span> <span class='ocrx_word' id='word_1_404' title='bbox 2567 1600 2622 1647; x_wconf 87' lang='grc'>3.</span> 
     </span>
     <span class='ocr_line' id='line_1_66' title="bbox 1552 1674 2624 1742; baseline -0.008 -12"><span class='ocrx_word' id='word_1_405' title='bbox 1552 1680 1570 1708; x_wconf 75' lang='lat'><em>⁶</em></span> <span class='ocrx_word' id='word_1_406' title='bbox 1606 1679 1773 1729; x_wconf 87' lang='lat' dir='ltr'>Nobis</span> <span class='ocrx_word' id='word_1_407' title='bbox 1796 1678 2093 1742; x_wconf 85' lang='lat' dir='ltr'>diligentior</span> <span class='ocrx_word' id='word_1_408' title='bbox 2115 1677 2301 1726; x_wconf 86' lang='lat' dir='ltr'>notitia</span> <span class='ocrx_word' id='word_1_409' title='bbox 2322 1674 2624 1740; x_wconf 84' lang='lat' dir='ltr'>principatu</span> 
     </span>
     <span class='ocr_line' id='line_1_67' title="bbox 1558 1748 2619 1816; baseline -0.008 -13"><span class='ocrx_word' id='word_1_410' title='bbox 1558 1753 1765 1804; x_wconf 85' lang='lat' dir='ltr'>Claudii</span> <span class='ocrx_word' id='word_1_411' title='bbox 1798 1752 2056 1816; x_wconf 88' lang='lat' dir='ltr'>contigit.&#39;</span> <span class='ocrx_word' id='word_1_412' title='bbox 2108 1764 2274 1801; x_wconf 76' lang='lat' dir='ltr'>xxtx.</span> <span class='ocrx_word' id='word_1_413' title='bbox 2310 1753 2356 1799; x_wconf 87' lang='lat'>1.</span> <span class='ocrx_word' id='word_1_414' title='bbox 2385 1748 2619 1798; x_wconf 85' lang='lat' dir='ltr'>‘Eadem</span> 
     </span>
     <span class='ocr_line' id='line_1_68' title="bbox 1558 1825 2623 1894; baseline -0.008 -14"><span class='ocrx_word' id='word_1_415' title='bbox 1558 1838 1687 1880; x_wconf 81' lang='lat' dir='ltr'>aetas</span> <span class='ocrx_word' id='word_1_416' title='bbox 1721 1830 1946 1881; x_wconf 84' lang='lat' dir='ltr'>Neronis</span> <span class='ocrx_word' id='word_1_417' title='bbox 1981 1828 2280 1894; x_wconf 87' lang='lat' dir='ltr'>principatu</span> <span class='ocrx_word' id='word_1_418' title='bbox 2312 1825 2380 1874; x_wconf 85' lang='lat' dir='ltr'>ad</span> <span class='ocrx_word' id='word_1_419' title='bbox 2398 1825 2623 1874; x_wconf 74' lang='lat' dir='ltr'>&#39;Thessa-</span> 
     </span>
     <span class='ocr_line' id='line_1_69' title="bbox 1555 1901 2620 1956; baseline -0.008 0"><span class='ocrx_word' id='word_1_420' title='bbox 1555 1909 1660 1956; x_wconf 89' lang='lat' dir='ltr'>lnm</span> <span class='ocrx_word' id='word_1_421' title='bbox 1685 1906 1961 1956; x_wconf 88' lang='lat' dir='ltr'>transiluit.</span> <span class='ocrx_word' id='word_1_422' title='bbox 1965 1904 1981 1927; x_wconf 92' lang='lat'>’</span> <span class='ocrx_word' id='word_1_423' title='bbox 2026 1904 2304 1955; x_wconf 88' lang='lat' dir='ltr'>Suetonius</span> <span class='ocrx_word' id='word_1_424' title='bbox 2328 1901 2473 1953; x_wconf 84' lang='lat' dir='ltr'>Julio</span> <span class='ocrx_word' id='word_1_425' title='bbox 2494 1913 2543 1950; x_wconf 90' lang='lat' dir='ltr'>c.</span> <span class='ocrx_word' id='word_1_426' title='bbox 2566 1904 2620 1951; x_wconf 91' lang='grc'>6.</span> 
     </span>
     <span class='ocr_line' id='line_1_70' title="bbox 1556 1978 2621 2044; baseline -0.006 -12"><span class='ocrx_word' id='word_1_427' title='bbox 1556 1983 1883 2034; x_wconf 86' lang='lat' dir='ltr'>‘Tribunatu</span> <span class='ocrx_word' id='word_1_428' title='bbox 1896 1982 2135 2036; x_wconf 88' lang='lat' dir='ltr'>militum,</span> <span class='ocrx_word' id='word_1_429' title='bbox 2170 1981 2258 2044; x_wconf 83' lang='lat' dir='ltr'>qui</span> <span class='ocrx_word' id='word_1_430' title='bbox 2295 1980 2491 2043; x_wconf 87' lang='lat' dir='ltr'>primus</span> <span class='ocrx_word' id='word_1_431' title='bbox 2507 1978 2621 2027; x_wconf 85' lang='lat' dir='ltr'>Ro-</span> 
     </span>
     <span class='ocr_line' id='line_1_71' title="bbox 1554 2054 2623 2123; baseline -0.006 -15"><span class='ocrx_word' id='word_1_432' title='bbox 1554 2074 1691 2109; x_wconf 84' lang='lat' dir='ltr'>mam</span> <span class='ocrx_word' id='word_1_433' title='bbox 1715 2072 1927 2108; x_wconf 80' lang='lat' dir='ltr'>reverso</span> <span class='ocrx_word' id='word_1_434' title='bbox 1949 2072 2045 2123; x_wconf 89' lang='lat' dir='ltr'>per</span> <span class='ocrx_word' id='word_1_435' title='bbox 2066 2054 2311 2118; x_wconf 80' lang='lat' dir='ltr'>suffragia</span> <span class='ocrx_word' id='word_1_436' title='bbox 2334 2054 2509 2118; x_wconf 87' lang='lat' dir='ltr'>populi</span> <span class='ocrx_word' id='word_1_437' title='bbox 2532 2054 2623 2104; x_wconf 81' lang='lat' dir='ltr'>ho·</span> 
     </span>
     <span class='ocr_line' id='line_1_72' title="bbox 1554 2122 2662 2202; baseline -0.006 -15"><span class='ocrx_word' id='word_1_438' title='bbox 1554 2146 1651 2188; x_wconf 87' lang='lat' dir='ltr'>nor</span> <span class='ocrx_word' id='word_1_439' title='bbox 1684 2122 1912 2202; x_wconf 73' lang='lat' dir='ltr'>obtigit-³</span> <span class='ocrx_word' id='word_1_440' title='bbox 1978 2140 2049 2188; x_wconf 88' lang='lat' dir='ltr'>Et</span> <span class='ocrx_word' id='word_1_441' title='bbox 2078 2136 2398 2200; x_wconf 83' lang='lat' dir='ltr'>Vespasiano</span> <span class='ocrx_word' id='word_1_442' title='bbox 2430 2148 2548 2197; x_wconf 86' lang='lat' dir='ltr'>cap.</span> <span class='ocrx_word' id='word_1_443' title='bbox 2568 2136 2623 2181; x_wconf 87' lang='grc'>2.</span> <span class='ocrx_word' id='word_1_444' title='bbox 2657 2156 2662 2163; x_wconf 78' lang='lat'><em>-</em></span> 
     </span>
     <span class='ocr_line' id='line_1_73' title="bbox 1552 2211 2621 2266; baseline -0.005 -1"><span class='ocrx_word' id='word_1_445' title='bbox 1552 2217 1569 2246; x_wconf 75' lang='lat'>⁸</span> <span class='ocrx_word' id='word_1_446' title='bbox 1589 2217 1882 2266; x_wconf 86' lang='lat' dir='ltr'>Tribunatu</span> <span class='ocrx_word' id='word_1_447' title='bbox 1916 2216 2136 2265; x_wconf 89' lang='lat' dir='ltr'>militum</span> <span class='ocrx_word' id='word_1_448' title='bbox 2170 2215 2222 2263; x_wconf 91' lang='lat' dir='ltr'>in</span> <span class='ocrx_word' id='word_1_449' title='bbox 2255 2211 2474 2262; x_wconf 84' lang='lat' dir='ltr'>Thracia</span> <span class='ocrx_word' id='word_1_450' title='bbox 2510 2225 2621 2260; x_wconf 85' lang='lat' dir='ltr'>me-</span> 
     </span>
     <span class='ocr_line' id='line_1_74' title="bbox 1552 2287 2618 2356; baseline -0.007 -14"><span class='ocrx_word' id='word_1_451' title='bbox 1552 2293 1692 2343; x_wconf 64' lang='lat' dir='ltr'>ruit?</span> <span class='ocrx_word' id='word_1_452' title='bbox 1758 2293 1876 2342; x_wconf 87' lang='lat' dir='ltr'>Non</span> <span class='ocrx_word' id='word_1_453' title='bbox 1900 2307 2029 2356; x_wconf 87' lang='lat' dir='ltr'>opus</span> <span class='ocrx_word' id='word_1_454' title='bbox 2057 2291 2309 2354; x_wconf 78' lang='lat' dir='ltr'>refingere</span> <span class='ocrx_word' id='word_1_455' title='bbox 2339 2287 2618 2351; x_wconf 88' lang='lat' dir='ltr'>utrobique</span> 
     </span>
     <span class='ocr_line' id='line_1_75' title="bbox 1553 2366 2619 2432; baseline -0.007 -14"><span class='ocrx_word' id='word_1_456' title='bbox 1553 2384 1670 2419; x_wconf 90' lang='lat' dir='ltr'>cum</span> <span class='ocrx_word' id='word_1_457' title='bbox 1691 2371 1980 2432; x_wconf 83' lang='lat' dir='ltr'>Torrentio,</span> <span class='ocrx_word' id='word_1_458' title='bbox 2011 2369 2246 2417; x_wconf 80' lang='lat' dir='ltr'>Tribunus</span> <span class='ocrx_word' id='word_1_459' title='bbox 2264 2366 2469 2415; x_wconf 76' lang='lat' dir='ltr'>militum</span> <span class='ocrx_word' id='word_1_460' title='bbox 2485 2381 2503 2413; x_wconf 76' lang='lat'>.-</span> <span class='ocrx_word' id='word_1_461' title='bbox 2537 2371 2619 2412; x_wconf 85' lang='lat' dir='ltr'>est</span> 
     </span>
     <span class='ocr_line' id='line_1_76' title="bbox 1552 2443 2617 2505; baseline -0.007 -8"><span class='ocrx_word' id='word_1_462' title='bbox 1552 2447 1687 2497; x_wconf 87' lang='lat' dir='ltr'>enim</span> <span class='ocrx_word' id='word_1_463' title='bbox 1725 2448 1938 2497; x_wconf 84' lang='lat' dir='ltr'>alterius</span> <span class='ocrx_word' id='word_1_464' title='bbox 1971 2460 2150 2496; x_wconf 85' lang='lat' dir='ltr'>sensus</span> <span class='ocrx_word' id='word_1_465' title='bbox 2183 2458 2333 2505; x_wconf 79' lang='lat' dir='ltr'>aeque</span> <span class='ocrx_word' id='word_1_466' title='bbox 2367 2443 2500 2493; x_wconf 87' lang='lat' dir='ltr'>bene</span> <span class='ocrx_word' id='word_1_467' title='bbox 2523 2455 2617 2491; x_wconf 85' lang='lat' dir='ltr'>ex-</span> 
     </span>
    </p>
   </div>
   <div class='ocr_carea' id='block_1_14' title="bbox 1552 2518 2724 2588">
    <p class='ocr_par' dir='ltr' id='par_1_18' title="bbox 1552 2518 2724 2588">
     <span class='ocr_line' id='line_1_77' title="bbox 1552 2518 2724 2588; baseline -0.007 -16"><span class='ocrx_word' id='word_1_468' title='bbox 1552 2538 1775 2588; x_wconf 82' lang='lat' dir='ltr'>pressus.</span> <span class='ocrx_word' id='word_1_469' title='bbox 1843 2523 2084 2586; x_wconf 87' lang='lat' dir='ltr'>Augusto</span> <span class='ocrx_word' id='word_1_470' title='bbox 2120 2536 2167 2571; x_wconf 89' lang='lat' dir='ltr'>c.</span> <span class='ocrx_word' id='word_1_471' title='bbox 2206 2524 2318 2569; x_wconf 91' lang='grc'><strong>100.</strong></span> <span class='ocrx_word' id='word_1_472' title='bbox 2349 2522 2364 2547; x_wconf 82' lang='lat'>⁸</span> <span class='ocrx_word' id='word_1_473' title='bbox 2388 2518 2451 2568; x_wconf 89' lang='lat' dir='ltr'>ld</span> <span class='ocrx_word' id='word_1_474' title='bbox 2486 2529 2620 2580; x_wconf 79' lang='lat' dir='ltr'>opus</span> <span class='ocrx_word' id='word_1_475' title='bbox 2703 2563 2724 2582; x_wconf 44' lang='lat'>,‚</span> 
     </span>
    </p>
   </div>
   <div class='ocr_carea' id='block_1_15' title="bbox 1542 2592 2625 4339">
    <p class='ocr_par' dir='ltr' id='par_1_19' title="bbox 1542 2592 2625 4339">
     <span class='ocr_line' id='line_1_78' title="bbox 1551 2592 2625 2650; baseline -0.007 -1"><span class='ocrx_word' id='word_1_476' title='bbox 1551 2608 1704 2650; x_wconf 86' lang='lat' dir='ltr'>sexto</span> <span class='ocrx_word' id='word_1_477' title='bbox 1771 2614 1864 2649; x_wconf 90' lang='lat' dir='ltr'>suo</span> <span class='ocrx_word' id='word_1_478' title='bbox 1928 2598 2197 2648; x_wconf 86' lang='lat' dir='ltr'>consulatu</span> <span class='ocrx_word' id='word_1_479' title='bbox 2250 2592 2625 2645; x_wconf 77' lang='lat' dir='ltr'>exstruxerat-²</span> 
     </span>
     <span class='ocr_line' id='line_1_79' title="bbox 1550 2663 2618 2739; baseline -0.007 -13"><span class='ocrx_word' id='word_1_480' title='bbox 1550 2676 1873 2739; x_wconf 87' lang='lat' dir='ltr'>Vespasiano</span> <span class='ocrx_word' id='word_1_481' title='bbox 1897 2690 1943 2725; x_wconf 84' lang='lat' dir='ltr'>e.</span> <span class='ocrx_word' id='word_1_482' title='bbox 1964 2679 2046 2724; x_wconf 90' lang='grc'>24.</span> <span class='ocrx_word' id='word_1_483' title='bbox 2063 2675 2078 2702; x_wconf 90' lang='lat'>‘</span> <span class='ocrx_word' id='word_1_484' title='bbox 2096 2673 2384 2724; x_wconf 86' lang='lat' dir='ltr'>Consulatu</span> <span class='ocrx_word' id='word_1_485' title='bbox 2407 2663 2500 2721; x_wconf 78' lang='lat' dir='ltr'>suo</span> <span class='ocrx_word' id='word_1_486' title='bbox 2524 2673 2618 2720; x_wconf 76' lang='lat' dir='ltr'>nd-</span> 
     </span>
     <span class='ocr_line' id='line_1_80' title="bbox 1549 2745 2622 2812; baseline -0.006 -11"><span class='ocrx_word' id='word_1_487' title='bbox 1549 2766 1618 2801; x_wconf 89' lang='lat' dir='ltr'>no</span> <span class='ocrx_word' id='word_1_488' title='bbox 1642 2757 1878 2802; x_wconf 85' lang='lat' dir='ltr'>tentatus</span> <span class='ocrx_word' id='word_1_489' title='bbox 1903 2752 1956 2800; x_wconf 91' lang='lat' dir='ltr'>in</span> <span class='ocrx_word' id='word_1_490' title='bbox 1979 2750 2266 2812; x_wconf 86' lang='lat' dir='ltr'>Campania</span> <span class='ocrx_word' id='word_1_491' title='bbox 2283 2745 2622 2803; x_wconf 80' lang='lat' dir='ltr'>motiunculis</span> 
     </span>
     <span class='ocr_line' id='line_1_81' title="bbox 1548 2823 2621 2880; baseline -0.007 -2"><span class='ocrx_word' id='word_1_492' title='bbox 1548 2826 1806 2878; x_wconf 85' lang='lat' dir='ltr'>levibus.&#39;·</span> <span class='ocrx_word' id='word_1_493' title='bbox 1854 2828 2069 2877; x_wconf 81' lang='lat' dir='ltr'>Tacitus</span> <span class='ocrx_word' id='word_1_494' title='bbox 2092 2826 2294 2880; x_wconf 81' lang='lat' dir='ltr'>Hister.</span> <span class='ocrx_word' id='word_1_495' title='bbox 2313 2838 2353 2874; x_wconf 83' lang='lat'>1.</span> <span class='ocrx_word' id='word_1_496' title='bbox 2373 2827 2457 2872; x_wconf 86' lang='grc'>48.</span> <span class='ocrx_word' id='word_1_497' title='bbox 2492 2830 2507 2852; x_wconf 90' lang='lat'>‘</span> <span class='ocrx_word' id='word_1_498' title='bbox 2523 2823 2621 2872; x_wconf 88' lang='lat' dir='ltr'>Vi-</span> 
     </span>
     <span class='ocr_line' id='line_1_82' title="bbox 1551 2901 2621 2967; baseline -0.005 -14"><span class='ocrx_word' id='word_1_499' title='bbox 1551 2904 1665 2954; x_wconf 89' lang='lat' dir='ltr'>nius</span> <span class='ocrx_word' id='word_1_500' title='bbox 1690 2904 2057 2967; x_wconf 86' lang='lat' dir='ltr'>proconsulatu</span> <span class='ocrx_word' id='word_1_501' title='bbox 2073 2902 2297 2952; x_wconf 82' lang='lat' dir='ltr'>Galliam</span> <span class='ocrx_word' id='word_1_502' title='bbox 2313 2901 2621 2951; x_wconf 87' lang='lat' dir='ltr'>Narbonen-</span> 
     </span>
     <span class='ocr_line' id='line_1_83' title="bbox 1551 2975 2622 3043; baseline -0.006 -14"><span class='ocrx_word' id='word_1_503' title='bbox 1551 2994 1659 3029; x_wconf 90' lang='lat' dir='ltr'>sem</span> <span class='ocrx_word' id='word_1_504' title='bbox 1694 2994 1879 3030; x_wconf 80' lang='lat' dir='ltr'>severe</span> <span class='ocrx_word' id='word_1_505' title='bbox 1915 2980 2221 3043; x_wconf 84' lang='lat' dir='ltr'>integreque</span> <span class='ocrx_word' id='word_1_506' title='bbox 2260 2975 2440 3028; x_wconf 55' lang='lat' dir='ltr'>rexitffl</span> <span class='ocrx_word' id='word_1_507' title='bbox 2470 2978 2527 3025; x_wconf 79' lang='lat' dir='ltr'>J.</span> <span class='ocrx_word' id='word_1_508' title='bbox 2559 2976 2622 3025; x_wconf 78' lang='lat' dir='ltr'>F.</span> 
     </span>
     <span class='ocr_line' id='line_1_84' title="bbox 1554 3051 2620 3118; baseline -0.004 -14"><span class='ocrx_word' id='word_1_509' title='bbox 1554 3056 1707 3105; x_wconf 77' lang='lat' dir='ltr'>Gron.</span> <span class='ocrx_word' id='word_1_510' title='bbox 1763 3054 2032 3118; x_wconf 86' lang='lat' dir='ltr'>Codicum,</span> <span class='ocrx_word' id='word_1_511' title='bbox 2055 3068 2183 3118; x_wconf 87' lang='lat' dir='ltr'>quos</span> <span class='ocrx_word' id='word_1_512' title='bbox 2209 3052 2389 3102; x_wconf 86' lang='lat' dir='ltr'>laudat</span> <span class='ocrx_word' id='word_1_513' title='bbox 2412 3051 2620 3101; x_wconf 84' lang='lat' dir='ltr'>Grono-</span> 
     </span>
     <span class='ocr_line' id='line_1_85' title="bbox 1552 3126 2617 3203; baseline -0.004 -23"><span class='ocrx_word' id='word_1_514' title='bbox 1552 3133 1682 3193; x_wconf 77' lang='lat' dir='ltr'>vius,</span> <span class='ocrx_word' id='word_1_515' title='bbox 1716 3133 1991 3182; x_wconf 86' lang='lat' dir='ltr'>lectionem</span> <span class='ocrx_word' id='word_1_516' title='bbox 2022 3144 2089 3179; x_wconf 88' lang='lat' dir='ltr'>ex</span> <span class='ocrx_word' id='word_1_517' title='bbox 2111 3128 2237 3178; x_wconf 85' lang='lat' dir='ltr'>meis</span> <span class='ocrx_word' id='word_1_518' title='bbox 2259 3126 2464 3177; x_wconf 79' lang='lat' dir='ltr'>firmant</span> <span class='ocrx_word' id='word_1_519' title='bbox 2486 3128 2617 3203; x_wconf 55' lang='lat' dir='ltr'>Isou.</span> 
     </span>
     <span class='ocr_line' id='line_1_86' title="bbox 1551 3203 2619 3259; baseline -0.003 -1"><span class='ocrx_word' id='word_1_520' title='bbox 1551 3215 1599 3258; x_wconf 87' lang='grc'>6.</span> <span class='ocrx_word' id='word_1_521' title='bbox 1643 3209 1794 3259; x_wconf 80' lang='lat' dir='ltr'>Harl.</span> <span class='ocrx_word' id='word_1_522' title='bbox 1829 3212 1879 3258; x_wconf 88' lang='grc'>2.</span> <span class='ocrx_word' id='word_1_523' title='bbox 1916 3208 2070 3258; x_wconf 88' lang='lat' dir='ltr'>Port.</span> <span class='ocrx_word' id='word_1_524' title='bbox 2111 3207 2332 3257; x_wconf 76' lang='lat' dir='ltr'>Gaertn.</span> <span class='ocrx_word' id='word_1_525' title='bbox 2376 3203 2514 3255; x_wconf 73' lang='lat' dir='ltr'>Har.</span> <span class='ocrx_word' id='word_1_526' title='bbox 2557 3211 2619 3255; x_wconf 87' lang='lat' dir='ltr'>et</span> 
     </span>
     <span class='ocr_line' id='line_1_87' title="bbox 1549 3282 2616 3347; baseline -0.002 -15"><span class='ocrx_word' id='word_1_527' title='bbox 1549 3283 1734 3346; x_wconf 85' lang='lat' dir='ltr'>fragm.</span> <span class='ocrx_word' id='word_1_528' title='bbox 1750 3283 1890 3333; x_wconf 73' lang='lat' dir='ltr'>Har.</span> <span class='ocrx_word' id='word_1_529' title='bbox 1906 3283 2087 3333; x_wconf 82' lang='lat' dir='ltr'>exiliis</span> <span class='ocrx_word' id='word_1_530' title='bbox 2099 3296 2240 3338; x_wconf 80' lang='lat' dir='ltr'>vero,</span> <span class='ocrx_word' id='word_1_531' title='bbox 2255 3292 2381 3347; x_wconf 85' lang='lat' dir='ltr'>quos</span> <span class='ocrx_word' id='word_1_532' title='bbox 2396 3282 2616 3332; x_wconf 82' lang='lat' dir='ltr'>Hearne</span> 
     </span>
     <span class='ocr_line' id='line_1_88' title="bbox 1553 3359 2618 3430; baseline -0.003 -20"><span class='ocrx_word' id='word_1_533' title='bbox 1553 3360 1745 3410; x_wconf 82' lang='lat' dir='ltr'>oxonii</span> <span class='ocrx_word' id='word_1_534' title='bbox 1783 3359 2063 3425; x_wconf 83' lang='lat' dir='ltr'>consuluit,</span> <span class='ocrx_word' id='word_1_535' title='bbox 2094 3360 2160 3407; x_wconf 86' lang='lat' dir='ltr'>B.</span> <span class='ocrx_word' id='word_1_536' title='bbox 2198 3360 2324 3408; x_wconf 85' lang='lat' dir='ltr'>L.1.</span> <span class='ocrx_word' id='word_1_537' title='bbox 2344 3364 2401 3408; x_wconf 90' lang='lat' dir='ltr'>et</span> <span class='ocrx_word' id='word_1_538' title='bbox 2423 3362 2473 3409; x_wconf 88' lang='grc'>2.</span> <span class='ocrx_word' id='word_1_539' title='bbox 2542 3359 2618 3430; x_wconf 66' lang='lat' dir='ltr'>Et</span> 
     </span>
     <span class='ocr_line' id='line_1_89' title="bbox 1549 3436 2613 3499; baseline 0.001 -15"><span class='ocrx_word' id='word_1_540' title='bbox 1549 3445 1693 3485; x_wconf 86' lang='lat' dir='ltr'>recte</span> <span class='ocrx_word' id='word_1_541' title='bbox 1727 3450 1841 3486; x_wconf 88' lang='lat' dir='ltr'>eam</span> <span class='ocrx_word' id='word_1_542' title='bbox 1878 3436 2192 3485; x_wconf 86' lang='lat' dir='ltr'>locutionem</span> <span class='ocrx_word' id='word_1_543' title='bbox 2215 3436 2456 3499; x_wconf 79' lang='lat' dir='ltr'>exposuit</span> <span class='ocrx_word' id='word_1_544' title='bbox 2477 3436 2613 3486; x_wconf 82' lang='lat' dir='ltr'>Gro-</span> 
     </span>
     <span class='ocr_line' id='line_1_90' title="bbox 1549 3510 2617 3576; baseline 0.002 -15"><span class='ocrx_word' id='word_1_545' title='bbox 1549 3514 1749 3562; x_wconf 84' lang='lat' dir='ltr'>novius.</span> <span class='ocrx_word' id='word_1_546' title='bbox 1810 3512 2057 3562; x_wconf 91' lang='lat' dir='ltr'>Similiter</span> <span class='ocrx_word' id='word_1_547' title='bbox 2077 3510 2210 3569; x_wconf 83' lang='lat' dir='ltr'>fere,</span> <span class='ocrx_word' id='word_1_548' title='bbox 2234 3521 2293 3562; x_wconf 88' lang='lat' dir='ltr'>ut</span> <span class='ocrx_word' id='word_1_549' title='bbox 2313 3512 2396 3562; x_wconf 84' lang='lat' dir='ltr'>bic</span> <span class='ocrx_word' id='word_1_550' title='bbox 2416 3512 2617 3576; x_wconf 59' lang='lat' dir='ltr'>&amp;aperio</span> 
     </span>
     <span class='ocr_line' id='line_1_91' title="bbox 1546 3586 2613 3652; baseline -0.001 -15"><span class='ocrx_word' id='word_1_551' title='bbox 1546 3588 1668 3648; x_wconf 67' lang='lat' dir='ltr'>qius,</span> <span class='ocrx_word' id='word_1_552' title='bbox 1703 3602 1797 3652; x_wconf 89' lang='lat' dir='ltr'>pro</span> <span class='ocrx_word' id='word_1_553' title='bbox 1841 3588 1859 3617; x_wconf 87' lang='lat'>‘</span> <span class='ocrx_word' id='word_1_554' title='bbox 1881 3603 1945 3639; x_wconf 91' lang='lat' dir='ltr'>eo</span> <span class='ocrx_word' id='word_1_555' title='bbox 1985 3586 2312 3652; x_wconf 85' lang='lat' dir='ltr'>imperante,’</span> <span class='ocrx_word' id='word_1_556' title='bbox 2341 3595 2530 3652; x_wconf 82' lang='lat' dir='ltr'>‘quum</span> <span class='ocrx_word' id='word_1_557' title='bbox 2569 3588 2613 3637; x_wconf 90' lang='lat' dir='ltr'>is</span> 
     </span>
     <span class='ocr_line' id='line_1_92' title="bbox 1548 3662 2615 3728; baseline 0.002 -16"><span class='ocrx_word' id='word_1_558' title='bbox 1548 3665 1821 3728; x_wconf 86' lang='lat' dir='ltr'>imperium</span> <span class='ocrx_word' id='word_1_559' title='bbox 1859 3662 2158 3727; x_wconf 84' lang='lat' dir='ltr'>obtineret‚’</span> <span class='ocrx_word' id='word_1_560' title='bbox 2191 3665 2268 3713; x_wconf 90' lang='lat' dir='ltr'>ita</span> <span class='ocrx_word' id='word_1_561' title='bbox 2303 3664 2460 3714; x_wconf 83' lang='lat' dir='ltr'>etiam</span> <span class='ocrx_word' id='word_1_562' title='bbox 2494 3670 2510 3694; x_wconf 78' lang='lat'>⁸</span> <span class='ocrx_word' id='word_1_563' title='bbox 2535 3664 2615 3715; x_wconf 86' lang='lat' dir='ltr'>lu-</span> 
     </span>
     <span class='ocr_line' id='line_1_93' title="bbox 1548 3741 2613 3808; baseline -0.001 -17"><span class='ocrx_word' id='word_1_564' title='bbox 1548 3741 1662 3805; x_wconf 89' lang='lat' dir='ltr'>dis,’</span> <span class='ocrx_word' id='word_1_565' title='bbox 1695 3757 1789 3807; x_wconf 88' lang='lat' dir='ltr'>pro</span> <span class='ocrx_word' id='word_1_566' title='bbox 1818 3756 1882 3792; x_wconf 88' lang='lat' dir='ltr'>eo</span> <span class='ocrx_word' id='word_1_567' title='bbox 1914 3742 2002 3792; x_wconf 89' lang='lat' dir='ltr'>die</span> <span class='ocrx_word' id='word_1_568' title='bbox 2034 3756 2134 3808; x_wconf 84' lang='lat' dir='ltr'>quo</span> <span class='ocrx_word' id='word_1_569' title='bbox 2171 3741 2278 3791; x_wconf 85' lang='lat' dir='ltr'>ludi</span> <span class='ocrx_word' id='word_1_570' title='bbox 2300 3741 2613 3805; x_wconf 81' lang='lat' dir='ltr'>edebantur,</span> 
     </span>
     <span class='ocr_line' id='line_1_94' title="bbox 1547 3817 2611 3882; baseline 0 -15"><span class='ocrx_word' id='word_1_571' title='bbox 1547 3818 1819 3869; x_wconf 86' lang='lat' dir='ltr'>babuimus</span> <span class='ocrx_word' id='word_1_572' title='bbox 1842 3832 1912 3868; x_wconf 80' lang='grc' dir='ltr'>ιι.</span> <span class='ocrx_word' id='word_1_573' title='bbox 1932 3822 2012 3868; x_wconf 80' lang='grc'>36.</span> <span class='ocrx_word' id='word_1_574' title='bbox 2047 3821 2076 3882; x_wconf 82' lang='lat'>§</span> <span class='ocrx_word' id='word_1_575' title='bbox 2110 3822 2159 3867; x_wconf 92' lang='lat'>1.</span> <span class='ocrx_word' id='word_1_576' title='bbox 2226 3818 2302 3867; x_wconf 90' lang='lat' dir='ltr'>Ut</span> <span class='ocrx_word' id='word_1_577' title='bbox 2332 3823 2508 3866; x_wconf 90' lang='lat' dir='ltr'>tamen</span> <span class='ocrx_word' id='word_1_578' title='bbox 2541 3817 2611 3867; x_wconf 83' lang='lat' dir='ltr'>de</span> 
     </span>
     <span class='ocr_line' id='line_1_95' title="bbox 1547 3887 2609 3958; baseline -0.002 -14"><span class='ocrx_word' id='word_1_579' title='bbox 1547 3898 1774 3945; x_wconf 86' lang='lat' dir='ltr'>veritate</span> <span class='ocrx_word' id='word_1_580' title='bbox 1787 3896 1875 3958; x_wconf 88' lang='lat' dir='ltr'>huj</span> <span class='ocrx_word' id='word_1_581' title='bbox 1883 3910 1939 3944; x_wconf 90' lang='lat' dir='ltr'>us</span> <span class='ocrx_word' id='word_1_582' title='bbox 1955 3887 2193 3944; x_wconf 79' lang='lat' dir='ltr'>lectionis</span> <span class='ocrx_word' id='word_1_583' title='bbox 2210 3892 2464 3950; x_wconf 87' lang='lat' dir='ltr'>dubitem,</span> <span class='ocrx_word' id='word_1_584' title='bbox 2481 3892 2609 3943; x_wconf 90' lang='lat' dir='ltr'>illud</span> 
     </span>
     <span class='ocr_line' id='line_1_96' title="bbox 1548 3968 2607 4036; baseline -0.003 -16"><span class='ocrx_word' id='word_1_585' title='bbox 1548 3969 1730 4032; x_wconf 84' lang='lat' dir='ltr'>efficit,</span> <span class='ocrx_word' id='word_1_586' title='bbox 1760 3969 1894 4036; x_wconf 88' lang='lat' dir='ltr'>quod</span> <span class='ocrx_word' id='word_1_587' title='bbox 1929 3984 2043 4019; x_wconf 85' lang='lat' dir='ltr'>eam</span> <span class='ocrx_word' id='word_1_588' title='bbox 2078 3974 2279 4019; x_wconf 89' lang='lat' dir='ltr'>tantum</span> <span class='ocrx_word' id='word_1_589' title='bbox 2314 3969 2366 4018; x_wconf 86' lang='lat' dir='ltr'>in</span> <span class='ocrx_word' id='word_1_590' title='bbox 2394 3968 2607 4020; x_wconf 84' lang='lat' dir='ltr'>minoris</span> 
     </span>
     <span class='ocr_line' id='line_1_97' title="bbox 1548 4044 2607 4109; baseline 0 -14"><span class='ocrx_word' id='word_1_591' title='bbox 1548 4045 1877 4096; x_wconf 84' lang='lat' dir='ltr'>auctoritatis</span> <span class='ocrx_word' id='word_1_592' title='bbox 1911 4044 2065 4094; x_wconf 86' lang='lat' dir='ltr'>codd.</span> <span class='ocrx_word' id='word_1_593' title='bbox 2096 4044 2378 4108; x_wconf 86' lang='lat' dir='ltr'>repererim</span> <span class='ocrx_word' id='word_1_594' title='bbox 2397 4061 2415 4093; x_wconf 71' lang='grc' dir='ltr'><strong><em>ε</em></strong></span> <span class='ocrx_word' id='word_1_595' title='bbox 2448 4058 2607 4109; x_wconf 84' lang='lat' dir='ltr'>quum</span> 
     </span>
     <span class='ocr_line' id='line_1_98' title="bbox 1545 4115 2604 4185; baseline -0.001 -12"><span class='ocrx_word' id='word_1_596' title='bbox 1545 4115 1733 4173; x_wconf 83' lang='lat' dir='ltr'>contra</span> <span class='ocrx_word' id='word_1_597' title='bbox 1766 4121 1820 4171; x_wconf 74' lang='lat' dir='ltr'>iu</span> <span class='ocrx_word' id='word_1_598' title='bbox 1853 4121 2053 4185; x_wconf 73' lang='lat' dir='ltr'>imperio</span> <span class='ocrx_word' id='word_1_599' title='bbox 2083 4118 2188 4180; x_wconf 69' lang='lat' dir='ltr'>&lt;ius</span> <span class='ocrx_word' id='word_1_600' title='bbox 2217 4126 2428 4170; x_wconf 81' lang='lat' dir='ltr'>servent</span> <span class='ocrx_word' id='word_1_601' title='bbox 2468 4122 2604 4172; x_wconf 80' lang='lat' dir='ltr'>Flor.</span> 
     </span>
     <span class='ocr_line' id='line_1_99' title="bbox 1542 4197 2608 4262; baseline -0.002 -14"><span class='ocrx_word' id='word_1_602' title='bbox 1542 4199 1696 4249; x_wconf 87' lang='lat' dir='ltr'>Voss.</span> <span class='ocrx_word' id='word_1_603' title='bbox 1719 4198 1885 4254; x_wconf 83' lang='lat' dir='ltr'>ambo,</span> <span class='ocrx_word' id='word_1_604' title='bbox 1913 4197 2063 4247; x_wconf 87' lang='lat' dir='ltr'>Leid.</span> <span class='ocrx_word' id='word_1_605' title='bbox 2087 4204 2323 4262; x_wconf 83' lang='lat' dir='ltr'>uterque,</span> <span class='ocrx_word' id='word_1_606' title='bbox 2337 4197 2472 4247; x_wconf 67' lang='grc' dir='ltr'><strong>ὦσιν.</strong></span> <span class='ocrx_word' id='word_1_607' title='bbox 2493 4202 2539 4247; x_wconf 87' lang='grc'>1.</span> <span class='ocrx_word' id='word_1_608' title='bbox 2558 4202 2608 4248; x_wconf 87' lang='grc'>2.</span> 
     </span>
     <span class='ocr_line' id='line_1_100' title="bbox 1543 4271 2604 4339; baseline 0.001 -15"><span class='ocrx_word' id='word_1_609' title='bbox 1543 4278 1594 4324; x_wconf 82' lang='grc'>3.</span> <span class='ocrx_word' id='word_1_610' title='bbox 1629 4278 1680 4324; x_wconf 88' lang='grc'>4.</span> <span class='ocrx_word' id='word_1_611' title='bbox 1719 4280 1777 4324; x_wconf 87' lang='lat' dir='ltr'>et</span> <span class='ocrx_word' id='word_1_612' title='bbox 1813 4272 1967 4324; x_wconf 82' lang='lat' dir='ltr'>Harl.</span> <span class='ocrx_word' id='word_1_613' title='bbox 2005 4276 2052 4323; x_wconf 82' lang='lat'>1.</span> <span class='ocrx_word' id='word_1_614' title='bbox 2096 4271 2282 4339; x_wconf 81' lang='lat' dir='ltr'>quibus</span> <span class='ocrx_word' id='word_1_615' title='bbox 2324 4273 2604 4325; x_wconf 83' lang='lat' dir='ltr'>concinant</span> 
     </span>
    </p>
   </div>
   <div class='ocr_carea' id='block_1_16' title="bbox 2928 48 2934 1229">
    <p class='ocr_par' dir='ltr' id='par_1_20' title="bbox 2928 48 2934 1229">
     <span class='ocr_line' id='line_1_101' title="bbox 2928 48 2934 1229; baseline 0 0"><span class='ocrx_word' id='word_1_616' title='bbox 2928 48 2934 1229; x_wconf 95' lang='lat' dir='ltr'> </span> 
     </span>
    </p>
   </div>
  </div>
 </body>
</html>
