2934 4925
731 431 798 478 r.
848 430 1041 479 mvn
1092 431 1292 481 Hisr.
1342 392 1492 482 ma.
1542 433 1643 480 νι.
1693 434 1858 483 car.
1904 416 2013 485 29.

255 574 525 643 sperator-is,
549 574 981 640 quemadmodum
1013 575 1068 626 in
1092 576 1341 642 Inscript.

260 663 331 703 -et
353 653 572 702 nummis
603 666 665 702 eo
700 666 854 703 sensu
882 649 994 702 fere
1029 667 1233 717 semper
1267 655 1342 703 le·

257 738 494 794 -guntur,
514 743 665 794 quam
686 729 982 793 Impubes-in
1013 729 1233 795 ideoque
1259 745 1341 780 ve·

274 808 490 857 risimile
537 822 640 857 non
687 809 772 866 sit,
814 808 1123 872 compendio
1162 809 1253 858 illo
1291 810 1342 858 in

260 884 378 935 ‚hac
415 898 472 932 re
514 883 584 933 ibi
628 898 774 934 usum
819 883 981 933 fuisse
1018 886 1344 936 Ciceronem.

278 962 392 1024 Ipsi
421 976 543 1011 vero
567 961 803 1024 credunt,
827 963 1025 1012 minore
1054 964 1269 1027 negotio
1292 964 1344 1013 in

277 1038 534 1087 Cicerone
562 1038 667 1101 legi
700 1053 855 1102 posse
879 1040 1021 1088 Jovis
1047 1039 1343 1104 Temperato·

274 1115 367 1172 τιέ,
405 1114 543 1179 quod
579 1115 794 1178 Jupiter
825 1115 993 1179 Οὕριος
1026 1117 1113 1179 sit,
1144 1119 1251 1181 qui,
1287 1126 1345 1168 nt

265 1191 532 1241 Horatius
549 1190 719 1255 inquit
739 1191 843 1242 Od.
870 1205 958 1243 111.
979 1197 1027 1244 4.
1053 1197 1136 1245 45.
1169 1194 1186 1221 ‘
1206 1208 1345 1243 mare

277 1271 547 1332 temperat
574 1267 883 1320 ventosum?
950 1270 1050 1319 Vel
1083 1267 1239 1320 eti'am
1274 1272 1347 1321 lo·

267 1360 400 1394 ‚cum
448 1346 561 1396 Cic.
592 1346 868 1409 vintegrum
904 1362 1036 1412 esse,
1061 1356 1130 1399 ret
1164 1349 1348 1400 Jovem

274 1423 453 1487 (ἤρων
475 1425 806 1488 Imperatorem
824 1420 927 1475 dic'i
946 1427 1196 1491 potuisse,
1210 1428 1348 1491 quod

276 1500 558 1565 imperium
595 1501 832 1551 habuerit
871 1502 923 1551 in
963 1510 1234 1554 ventorum
1268 1517 1344 1552 ra-

280 1575 423 1630 biem
447 1585 503 1627 et
538 1577 813 1627 indomitas
833 1578 1018 1627 undas.
1069 1580 1349 1644 Quidquid

273 1659 385 1711 ⁴est,
424 1653 479 1710 in
518 1654 757 1715 eoninter
786 1654 926 1717 ipsos
964 1662 1021 1705 et
1062 1655 1350 1721 Rycquium

271 1745 347 1784 zac
391 1731 657 1781 Donatum
705 1730 969 1789 convenit,
1026 1730 1130 1781 duo
1181 1733 1350 1782 diver-

281 1823 343 1860 sa
385 1808 551 1859 fuisse
594 1809 743 1874 signa
786 1810 952 1875 Jovis,
985 1810 1204 1860 alterum
1248 1812 1351 1861 Im-

281 1886 546 1950 peratoris
586 1901 619 1935 a
659 1887 717 1935 Τ.
757 1887 1005 1938 Quinctio
1043 1887 1352 1937 Cincinnato

271 1964 562 2013 ePraeneste
600 1963 810 2012 Romam
848 1963 1098 2025 adlatum,
1131 1966 1351 2014 alterum
1417 1987 1428 1992 >

270 2040 435 2091 -Jovis
458 2037 629 2105 Οὗρίου
650 2039 756 2088 sive
779 2040 1112 2105 Imperatoris,
1133 2041 1269 2104 qnod
1291 2042 1351 2091 Τ.

219 2129 236 2144 s
283 2116 562 2168 Quinctius
587 2114 909 2164 Flamininus
942 2130 1009 2164 ex
1041 2116 1356 2166 Macedonia

285 2192 532 2253 advexit3
566 2199 846 2256 utrumque
868 2197 1040 2241 autem
1066 2192 1118 2240 in
1144 2193 1355 2255 Capito·

273 2270 356 2319 =lio
393 2269 690 2320 dedicatum
725 2268 905 2322 fuisse.
972 2269 1173 2320 Prioris
1208 2271 1356 2319 istius

275 2349 506 2397 zRomam
545 2348 938 2397 translationem
971 2347 1147 2397 verbis
1184 2348 1356 2397 Livia-

274 2424 369 2475 ·nis
401 2424 700 2476 describens
729 2424 946 2488 Pighius
979 2425 1033 2475 in
1068 2425 1259 2475 Annal.
1292 2424 1356 2475 ad

271 2519 335 2552 ·a.
360 2515 656 2553 ccccxxiv.
699 2517 749 2567 p.
776 2505 893 2552 240.
934 2504 1085 2552 vocat
1117 2501 1134 2528 ‘
1157 2502 1357 2566 signum

285 2578 439 2629 Jovis
462 2577 861 2643 Induperatoris
878 2576 913 2628 ι’
946 2577 1082 2643 quod
1108 2593 1215 2643 qua
1235 2592 1356 2628 auc·

272 2656 510 2706 ,toritate
540 2653 750 2717 fecerit,
765 2669 877 2705 non
902 2655 1139 2719 adparet.
1203 2654 1356 2705 Anti-

283 2734 560 2797 quissimos
583 2732 799 2797 Latinos
818 2732 1132 2797 Induperator
1154 2733 1238 2782 vel
1255 2733 1356 2781 En-

285 2811 557 2874 domator,
583 2824 678 2873 pro
702 2810 986 2873 Imperator,
1009 2809 1221 2873 dixisse,
1245 2809 1358 2858 nul·

287 2887 400 2936 lum
417 2894 500 2937 est
518 2885 762 2947 dubium3
798 2887 1004 2937 Livium
1031 2894 1199 2937 tamen
1220 2887 1358 2935 simi-

287 2965 427 3015 libus
454 2965 738 3030 antiqua-tis
772 2978 916 3013 usum
944 2960 1127 3028 fuisse,
1150 2964 1249 3013 nisi
1269 2964 1359 3012 ubi

283 3042 433 3106 ipsas
465 3041 797 3106 antiquarum
837 3038 1170 3089 formularum
1204 3053 1358 3090 voces

287 3121 349 3169 in
372 3118 602 3168 medium
622 3116 811 3173 adfert,
832 3130 982 3166 nemo
1004 3117 1128 3166 mihi
1148 3131 1359 3181 persua-

292 3196 458 3246 debit.
514 3196 647 3245 Vide
686 3193 750 3244 ad
791 3207 993 3244 xxxvi.
1011 3199 1061 3245 2.
1086 3197 1114 3259 §
1136 3200 1184 3245 2.
1253 3195 1360 3244 Du-

291 3274 455 3324 kems
477 3273 777 3324 observarat
796 3275 956 3323 etiam
978 3275 1096 3323 loca
1118 3273 1284 3337 Lipsii
1307 3279 1363 3322 et

289 3349 542 3415 Rycquii,
565 3350 734 3415 iisque
764 3350 1038 3400 addiderat
1062 3351 1361 3415 sequentia:

289 3427 309 3459 ⁴
335 3428 418 3477 De
441 3428 520 3476 his
544 3428 703 3491 signis
725 3428 880 3478 etiam
905 3426 1012 3476 alia
1032 3427 1366 3477 tradiderunt

291 3504 584 3556 doctissimi
630 3511 685 3553 et
740 3503 1071 3567 antiquitatis
1117 3503 1363 3553 Romanae

279 3581 605 3648 'peritissimi
627 3580 744 3644 viri,
764 3595 880 3643 quae
900 3594 1001 3629 non
1020 3585 1201 3630 carent
1222 3594 1365 3629 scru-

295 3660 444 3723 pulo.
508 3658 709 3721 Veluti,
749 3656 886 3722 quod
927 3657 1194 3707 Nardinns
1219 3656 1368 3705 Rom.

295 3737 422 3786 Vet.
446 3749 501 3785 v.
524 3739 604 3785 16.
625 3734 831 3797 scribit,
866 3735 1122 3784 incertum
1146 3746 1284 3795 esse,
1304 3747 1368 3781 an

295 3814 505 3878 signnm
540 3812 920 3862 Praenestinum
956 3810 1103 3861 Jovis
1134 3810 1370 3873 Impera·

283 3891 433 3944 ,toris
477 3889 615 3952 apnd
658 3889 728 3940 P.
774 3888 1044 3939 Victorem
1089 3887 1226 3937 idem
1283 3887 1370 3948 sit,

300 3974 466 4033 atque
489 3965 619 4017 illud
643 3965 711 4016 de
732 3978 836 4030 qno
859 3966 970 4030 agit
991 3965 1105 4017 Cic.
1132 3964 1227 4015 Or.
1253 3964 1372 4014 Cat.

296 4059 392 4094 ιιι.
411 4047 463 4092 8.
485 4048 542 4092 et
561 4047 611 4093 9.
632 4050 688 4092 et
724 4057 796 4092 an
822 4042 888 4093 in.
911 4049 1033 4092 arce
1067 4042 1152 4090 vel
1171 4040 1298 4091 ,alibi
1320 4040 1374 4089 in

296 4119 537 4182 Regione
573 4124 701 4168 vm.
738 4117 895 4171 Urbis
927 4114 1370 4181 positumfuerit:

279 4197 449 4253 item,
482 4193 620 4258 quod
653 4196 848 4244 Donat.
877 4192 944 4241 de
966 4192 1098 4242 Urb.
1132 4192 1284 4241 Rom.
1307 4205 1374 4242 ιι.

301 4278 356 4323 ’1.
392 4272 547 4334 dicit,
578 4271 647 4320 de
682 4270 828 4334 signo
863 4269 1205 4326 Macedonico
1227 4269 1374 4320 Jovis

2303 419 2475 487 8027

1418 577 1808 645 Obsequentem
1831 580 1897 630 de
1922 578 2183 643 Prodigiis
2206 593 2254 630 c.
2278 584 2391 631 122.
2416 594 2480 630 ac

1416 654 1639 719 denique
1674 656 1813 722 quod
1851 656 2059 721 Lipsius
2099 656 2164 706 ad
2208 657 2346 707 Plin.
2368 657 2421 708 d.
2446 648 2484 709 l.

1417 730 1674 789 adfirmat,
1717 734 1922 797 siguum
1972 733 2391 786 Macedonicum*
2413 735 2482 786 ad

1418 816 1633 859 aetatem
1660 810 1816 860 Plinii
1847 818 1900 860 et
1931 810 2066 861 infra
2102 826 2216 861 eam
2251 812 2488 875 durasse,

1418 893 1612 949 negant
1636 886 1905 952 Rycquins
1937 889 1972 937 l.
2007 888 2060 939 d.
2095 898 2152 938 et
2189 889 2482 939 Hotoman-

1421 976 1515 1010 nus
1539 963 1602 1012 ad
1629 964 1739 1014 Cic.
1771 965 1824 1014 in
1847 966 2001 1015 Verr.
2026 979 2101 1014 iv.
2123 970 2206 1015 58.
2271 966 2398 1029 Sed,
2420 982 2485 1016 ea

1419 1039 1503 1087 liic
1527 1040 1757 1103 pluribus
1781 1049 2050 1104 excutere,
2072 1041 2138 1091 ab
2162 1043 2259 1091 hoc
2289 1044 2405 1092 loco
2429 1050 2487 1093 et

1420 1114 1658 1166 instituto
1691 1126 1871 1167 nostro
1906 1118 2128 1167 alienum
2162 1115 2284 1167 est.'
2351 1118 2485 1168 Haec

1420 1201 1633 1242 notarat
1666 1194 1742 1243 vir
1778 1194 2182 1257 celeberr.-qnae
2213 1194 2296 1244 hic
2327 1195 2485 1245 etiam

1421 1270 1670 1334 conspici,
1693 1285 1760 1320 ex
1784 1286 1840 1320 re
1864 1286 1977 1322 esse
2000 1272 2147 1321 duxi.·
2308 1266 2312 1270 ’

1489 1347 1517 1411 §
1540 1352 1573 1396 9
1608 1348 1895 1399 Dedicatum
1914 1355 1986 1400 est
2007 1350 2133 1399 ister
2160 1350 2326 1400 cellam
2351 1352 2489 1400 Joois

1422 1438 1480 1472 oc
1504 1423 1762 1486 Minernoe]
1796 1424 2172 1489 Dedicatumqae
2193 1431 2263 1475 est
2286 1427 2411 1477 Lov.
2433 1432 2486 1477 4.

1427 1500 1577 1551 Harl.
1600 1507 1649 1551 2.
1674 1502 1810 1551 Hav.
1834 1511 1890 1552 et
1911 1502 2097 1566 fragm.
2124 1502 2262 1553 Hau.
2330 1504 2488 1553 Dein·

1413 1578 1493 1627 -de
1518 1577 1648 1626 inter
1665 1579 1806 1628 Jovis
1825 1581 1991 1629 cellam
2011 1585 2061 1629 et
2085 1581 2215 1629 Mirr.
2245 1580 2382 1630 Hav.
2415 1582 2490 1629 in-

1426 1658 1502 1702 ter
1515 1654 1657 1703 Jovis
1675 1656 1836 1704 cellam
1852 1656 1981 1706 Min.
1994 1656 2151 1706 Port.
2185 1657 2312 1706 inter
2327 1659 2491 1706 cellam

1426 1730 1569 1778 Jovis
1590 1736 1637 1779 et
1662 1732 1792 1781 Min.
1817 1732 1967 1782 Harl.
1986 1748 2095 1784 sec.
2120 1740 2174 1783 et
2198 1734 2322 1785 edd.
2345 1734 2493 1784 Aldi-

1429 1821 1498 1856 na
1534 1809 1752 1871 priores.
1837 1809 1965 1859 Mox
2004 1809 2356 1868 monimentum,
2401 1825 2495 1875 pro

1427 1890 1790 1941 monumentum,
1815 1885 1958 1944 Leid.
1985 1890 2032 1937 1.
2063 1893 2120 1936 et
2145 1888 2270 1938 Lov.
2293 1891 2342 1937 2.

1497 1961 1599 2010 His
1619 1961 1778 2021 ferme
1798 1959 1949 2011 ineisa
1967 1962 2122 2012 literis
2141 1963 2246 2022 suit
2260 1979 2276 2012 .·
2300 1963 2497 2026 Jupiter

1427 2040 1566 2099 atque
1599 2036 1718 2086 Divi
1757 2053 1915 2087 omnes
1948 2038 2033 2086 hoc
2065 2040 2315 2100 dederant,
2343 2044 2399 2087 ut
2436 2038 2494 2086 T.

1419 2114 1687 2172 Quinctius
1717 2115 1922 2163 dictator
1960 2115 2135 2179 oppida
2165 2130 2332 2165 novem
2364 2130 2511 2180 turpem¹

1427 2191 1528 2253 ret]
1562 2189 1963 2241 Animadvertat
1998 2194 2181 2250 lector,
2203 2193 2497 2257 inscriptio*-

1431 2282 1548 2316 nem
1580 2268 1735 2317 istam
1770 2268 1820 2316 io
1854 2268 2002 2319 Livio
2032 2269 2185 2318 valde
2220 2268 2500 2333 imperfec-

1434 2350 1537 2393 tam
1558 2348 1714 2407 atque
1736 2344 1968 2392 mutilam
1993 2352 2226 2394 exstare.
2267 2344 2337 2395 Id
2359 2344 2499 2410 qnod

1431 2435 1499 2470 ex
1532 2420 1656 2471 Sex.
1690 2421 1944 2485 Pompeio
1981 2421 2049 2471 de
2072 2422 2237 2472 Veri).
2271 2421 2499 2487 Signific.

1432 2499 1488 2548 in
1516 2511 1642 2547 voce
1676 2506 1690 2528 ‘
1707 2497 1892 2547 Triens
1908 2496 1923 2518 ’
1943 2499 2300 2563 cognoscitur,
2323 2499 2410 2563 qni
2434 2513 2500 2546 ex

1433 2574 1600 2624 Cincii
1641 2575 2042 2638 Mystagogieon
2097 2574 2227 2625 libro
2272 2575 2501 2625 secundo

1432 2666 1501 2701 ex
1525 2650 1705 2700 eadem
1728 2650 2063 2716 inscriptione
2097 2652 2247 2715 plura
2266 2651 2502 2713 adducit,

1432 2743 1548 2794 quae
1592 2729 1788 2778 docent
1851 2733 2053 2792 partem
2097 2729 2237 2778 illam
2280 2744 2313 2778 a
2352 2729 2501 2778 Livio

1432 2806 1646 2854 citatam
1690 2818 1808 2855 esse
1849 2805 1981 2854 male
2027 2804 2412 2864 detruncatam,
2446 2812 2503 2855 et

1434 2881 1787 2938 librariorum,
1815 2882 1869 2930 ni
1902 2880 2072 2945 fallor,
2106 2883 2267 2945 magis
2302 2895 2498 2937 errore,

1433 2974 1593 3025 quam
1630 2959 1761 3009 Livii
1808 2959 1969 3023 ipsius
2012 2960 2307 3010 oscitantia.
2346 2959 2501 3009 *Non

1435 3037 1714 3088 tamenim
1739 3036 2080 3086 admiratione
2115 3043 2179 3086 et¹
2204 3036 2504 3101 Capitolina

1436 3112 1766 3163 dedicatione
1801 3112 2011 3176 dignum
2047 3119 2148 3167 est,
2187 3112 2501 3162 dictatorem

1437 3192 1617 3256 populi
1659 3192 1873 3241 Romani
1911 3205 2095 3241 novem
2133 3191 2330 3255 oppida
2359 3191 2506 3240 Prae·

1434 3269 1652 3318 nestinae
1706 3267 1915 3318 ditionis
1961 3269 2099 3318 haud
2143 3269 2374 3333 potentis
2423 3283 2510 3318 ce·

1438 3344 1612 3409 pisse;
1667 3360 1817 3410 quam
1860 3359 2043 3394 novem
2086 3345 2269 3395 diebus
2310 3345 2507 3409 oppida

1419 3435 1625 3475 ,novem
1646 3423 1870 3484 cepisse.
1926 3421 2084 3472 Quod
2109 3420 2314 3485 quidem
2336 3422 2505 3485 ipsum

1438 3498 1492 3547 in
1514 3496 1653 3546 dicta
1674 3497 1735 3545 Τ.
1755 3495 1992 3549 Quinctii
2018 3497 2194 3545 tabula
2210 3494 2508 3559 Capitolina

1442 3573 1658 3639 pulchre
1676 3586 1978 3636 expressum
2003 3569 2101 3620 fuit
2118 3586 2131 3621 ι
2152 3584 2507 3634 coronamque

1443 3665 1688 3713 auream,
1712 3648 1939 3697 victoriae
1975 3660 2161 3697 caussa
2197 3646 2414 3696 duarum
2450 3646 2511 3695 ii·

1447 3727 1654 3777 brarum
1679 3726 1849 3789 pondo
1874 3731 1927 3773 et
1948 3723 2153 3772 trientis
2171 3723 2293 3774 Jovi
2312 3723 2509 3772 ,donum

1444 3805 1653 3854 dedisse
1664 3800 2126 3868 :quemadmodum
2142 3800 2354 3850 Cincius
2374 3800 2510 3848 illius

1448 3882 1635 3932 tabnlae
1674 3880 1833 3930 verba
1860 3879 2093 3942 exponit.
2159 3876 2314 3929 Quod
2353 3876 2511 3926 etiam

1422 3961 1503 4019 ,in
1544 3959 1690 4009 Livio
1726 3971 1828 4007 non
1865 3955 2137 4020 reperitur.
2199 3953 2372 4018 Igitur
2402 3968 2512 4002 mo·

1447 4040 1749 4086 numentum
1803 4029 2079 4082 vetustum
2128 4045 2301 4080 rernm
2342 4045 2393 4079 ,a
2446 4029 2514 4079 T.

1452 4114 1699 4166 Quinctio
1736 4119 2001 4173 gestarum
2034 4111 2150 4174 hoc,
2190 4116 2295 4158 tam
2327 4122 2393 4157 ex
2429 4108 2513 4161 Lt-

1451 4191 1554 4254 vio,
1577 4204 1728 4254 quam
1750 4200 1814 4238 ex
1838 4188 2014 4243 Festo,
2037 4186 2090 4236 in
2113 4186 2248 4236 hunc
2270 4183 2380 4235 fere
2404 4196 2513 4234 mo-

1450 4267 1574 4319 dum
1596 4266 1823 4333 suppleri
1851 4271 2056 4330 potest:

301 4351 448 4421 Imp.
488 4362 649 4417 agere
684 4348 797 4400 Cic.
828 4346 998 4401 d.01·.
1027 4346 1183 4408 Catil.
1208 4359 1302 4400 ιιι.
1319 4352 1376 4396 et
1423 4394 1434 4404 ,
