2934 4925
754 408 821 456 T.
872 404 1059 454 mvn
1110 401 1309 452 ms‘r.
1356 401 1501 452 mn.
1536 399 1605 447 v.
1651 398 1814 447 oar.
1856 380 1964 445 41.

260 555 355 604 boc
373 551 463 602 lib.
486 565 535 602 c.
560 553 640 600 88.
668 552 697 615 ς
721 555 768 599 5.

256 649 266 675 2
326 631 454 678 Pars
470 629 656 688 ultima,
688 629 816 677 vetut
847 640 903 675 ea
924 627 1108 675 demum
1131 625 1313 676 intacta

261 711 309 754 et
328 706 505 764 referta
536 705 721 767 proeda,
753 702 948 768 petunt]
983 702 1110 751 Pars
1146 700 1317 749 ultima

261 799 316 832 ea
335 786 517 832 demum
552 784 605 832 in
639 789 765 832 tecta
800 788 925 831 etue
945 778 1126 841 referta
1154 780 1319 843 ptoeda

255 857 398 906 Har.
429 857 629 918 ‚refecta
664 859 831 921 proeda
869 868 1142 919 perperam
1188 867 1318 915 prae-

261 930 370 981 fert
389 933 517 981 Lov.
531 936 579 981 1.
635 932 775 981 Vide
792 930 858 980 ad
875 943 1107 980 xxxvn.
1121 930 1252 991 88..§
1272 931 1321 977 2.

326 1010 354 1071 §
377 1012 410 1056 6
442 1005 724 1063 Aban-riti,
758 1022 817 1056 ne
838 1021 929 1070 quo
950 1004 1101 1065 fraus
1134 1003 1322 1053 hostih's

261 1098 406 1146 vagos
425 1084 690 1148 exciperet]
712 1082 953 1136 Exterriti
973 1081 1118 1131 Leid.
1133 1084 1182 1130 2.
1216 1079 1320 1129 Sed

263 1159 278 1186 ‘
296 1159 418 1210 iude
442 1158 743 1218 absterriti'
776 1167 874 1223 est,
898 1158 964 1208 ab
998 1157 1321 1208 ultimis-tec·

265 1244 459 1300 torum,
486 1251 603 1300 qua».
627 1243 782 1286 antea
803 1236 1090 1299 petierant,
1120 1234 1323 1284 abster-

268 1313 374 1362 riti.
468 1313 643 1376 Supra
682 1325 750 1362 11.
798 1316 879 1362 35.
913 1310 1324 1374 ‘Sisdispositis

267 1389 563 1443 clientibus,
618 1387 957 1439 absterrendo
1012 1387 1244 1451 singulos
1295 1401 1326 1435 a

261 1466 579 1519 ,coitionibus
649 1466 1010 1530 conciliisque,
1082 1464 1327 1529 disjicere

266 1556 373 1591 rem
413 1540 674 1606 possent.’,
726 1542 854 1592 Tum
898 1556 1046 1603 vagos
1086 1539 1329 1589 induceret

259 1619 426 1668 Voss.
458 1622 507 1667 1.
543 1620 709 1668 altero
733 1625 910 1667 tamen
932 1616 1168 1679 exciperet
1188 1615 1329 1664 inter

269 1709 447 1746 versus
494 1693 692 1743 addito.
789 1694 1041 1756 Acciperet
1083 1693 1235 1741 Voss.
1277 1695 1329 1741 2.

265 1771 280 1799 ‘
305 1763 573 1833 Accipere
593 1769 608 1791 '
642 1777 698 1819 et
748 1769 764 1797 ‘
788 1770 1035 1834 excipere
1056 1769 1071 1791 ’
1103 1783 1248 1832 saepe
1277 1768 1331 1816 in

268 1848 398 1902 Mss.
420 1844 830 1900 confunduntur.
894 1835 1030 1895 Vide
1064 1846 1131 1895 ad
1158 1849 1332 1901 Ιιι.47.

269 1926 370 1987 §⁷.
404 1924 667 1986 exciperet,
702 1923 841 1989 quod
879 1928 1092 1972 servant
1127 1921 1333 1986 reliqui,

268 2000 353 2049 hic
373 2015 558 2049 verum
582 2008 681 2050 est.
747 2006 762 2030 ⁸
779 2000 1041 2062 Excipere
1057 1997 1073 2021 '
1093 1999 1230 2048 enim
1254 2006 1336 2048 est

274 2091 339 2126 ex
367 2077 572 2127 insidiis
614 2092 676 2127 ac
712 2091 807 2141 per
849 2071 1089 2126 fraudem
1124 2090 1336 2137 capere.

269 2154 440 2216 Supra
463 2156 563 2204 hoc
586 2154 678 2204 llb.
700 2169 751 2204 c.
769 2153 956 2208 28..‘A
981 2154 1163 2217 piratis
1186 2154 1338 2216 Lipa-

263 2230 502 2284 rensium
545 2231 761 2293 excepti
804 2230 1131 2280 devehuntur
1186 2230 1337 2292 Lipa-

272 2306 392 2355 ras!
463 2320 570 2356 vu.
594 2310 675 2357 11.
701 2312 715 2335 ‘
743 2306 917 2355 Palati
940 2321 970 2354 a
990 2305 1202 2360 consule
1221 2304 1340 2353 Ρω-

275 2382 404 2431 telio
448 2381 591 2430 haud
638 2383 817 2444 procul
858 2380 1057 2431 Tibure
1091 2377 1342 2442 excepti.'

271 2473 354 2509 ις.
393 2462 479 2509 31.
513 2466 527 2488 ‘
550 2458 610 2510 Si
645 2473 749 2524 qua
788 2459 1001 2510 licentia
1043 2456 1342 2523 populando

278 2534 472 2585 effusus
497 2537 763 2603 exercitus
787 2535 957 2598 excipi
978 2550 1040 2585 ac
1064 2536 1345 2583 circumve·

273 2613 374 2663 uiri
399 2612 617 2676 posset?
682 2626 739 2663 x.
770 2617 854 2662 2⁰.
888 2610 1170 2669 {Dimittit
1201 2609 1345 2673 eqni-

271 2696 376 2753 ‚tes,
409 2690 501 2754 qui
547 2703 706 2753 vagos
750 2690 1076 2754 praedatores
1114 2688 1168 2743 in
1199 2699 1347 2749 agros

283 2766 530 2828 palantes
551 2765 858 2829 excipiant.'
910 2778 1060 2817 xxu.
1083 2767 1166 2813 82.
1189 2760 1206 2790 ‘
1224 2762 1348 2815 Car*-

284 2848 471 2905 pentes
508 2855 715 2906 agmen,
748 2842 1052 2905 palatosque
1086 2837 1352 2899 excipiem-

277 2919 399 2968 tes.’
468 2934 520 2969 c.
543 2923 627 2968 42.
661 2917 678 2945 ‘
705 2918 857 2969 Inter
897 2916 1234 2981 pabulatores
1257 2928 1351 2962 ex-

284 2996 427 3058 cepti
467 3011 499 3044 a
530 2995 775 3046 Numidis
794 2993 1045 3046 fueraut?
1112 3005 1248 3042 xxv.
1271 2993 1354 3041 34.

276 3073 301 3118 .‘
322 3073 420 3122 Ut·
445 3086 555 3122 non
596 3086 756 3134 vagos
804 3077 1007 3121 tantum
1058 3067 1355 3129 exciperet,

287 3150 377 3198 sed
400 3149 532 3212 ipsis
550 3147 885 3211 obequitaret
899 3144 1125 3196 castris?
1160 3144 1352 3206 Virgil.

290 3227 496 3277 AEneid.
521 3239 614 3275 ιιι.
641 3229 756 3275 332.
788 3226 805 3252 ‘
823 3223 1040 3286 Excipit
1075 3206 1359 3283 incautum,

290 3304 598 3368 patriasque
632 3301 914 3353 obtruncat
954 3298 1026 3351 ad.
1060 3295 1208 3347 aras?
1276 3295 1356 3344 ΙΕ-

289 3379 430 3427 neid.
470 3392 551 3427 v1.
589 3381 704 3427 173.
747 3383 765 3406 ‘
800 3375 1035 3425 AEmulus
1079 3378 1357 3433 exceptum

289 3456 473 3504 Triton
507 3453 576 3519 (si
601 3453 821 3503 credere
845 3451 1058 3514 dignum
1076 3447 1186 3511 est)
1210 3447 1360 3498 Inter

281 3545 422 3583 :saxa
447 3532 616 3579 virum
639 3542 883 3593 spumosa
922 3528 1231 3579 inmerserat
1267 3536 1358 3571 un-

285 3606 413 3658 .da='
474 3604 566 3655 ubi
610 3603 825 3654 Servius
848 3606 1107 3664 ,exceptum
1145 3597 1361 3661 exponit

291 3683 636 3745 ‘obpressum
692 3677 931 3729 insidiis.'
1018 3674 1155 3724 Vide
1207 3673 1260 3724 J.
1301 3673 1361 3725 F.

293 3758 530 3808 Gronov.
562 3756 629 3805 ad
686 3755 884 3806 Justin.
927 3765 1076 3801 xxn.
1123 3755 1173 3800 8.
1214 3750 1261 3813 §l
1284 3754 1362 3799 10.

297 3829 755 3885 Quemadmodum
781 3835 957 3877 autem
975 3827 1059 3875 hic
1080 3825 1096 3853 ‘
1113 3823 1253 3874 fraus
1270 3839 1358 3874 ex-

291 3907 541 3971 ,ciperet,’
563 3907 641 3955 ita
661 3903 894 3955 ‘insidiis
918 3902 1164 3965 excipere
1178 3899 1193 3922 '
1215 3900 1362 3963 virg.

295 3983 415 4035 Ecl.
440 3995 532 4031 ιιι.
556 3985 640 4033 17.
671 3983 686 4010 ‘
706 3980 827 4031 Non
848 3992 947 4041 ego
969 3983 1026 4035 te
1044 3976 1152 4025 vidi
1172 3978 1364 4026 Damo-

303 4061 399 4118 nis,
419 4059 664 4122 pessime,
695 4069 910 4118 caprum
950 4053 1211 4116 Excipere
1243 4052 1365 4101 insi-

297 4135 443 4184 diis?
480 4135 571 4185 ubi
597 4133 722 4185 vide
746 4132 1070 4180 Emmeuess.
1101 4127 1275 4179 -Quin
1311 4132 1366 4176 et

301 4213 323 4259 .‘
344 4212 594 4275 excipere
613 4214 627 4235 ’
649 4216 730 4257 est
764 4223 829 4257 ex
863 4205 1059 4255 insidiis
1081 4205 1167 4252 vel
1200 4203 1366 4265 inopi·

299 4296 427 4345 nato
450 4286 692 4352 adgredi,
709 4285 835 4336 licet
858 4297 959 4333 non
982 4282 1237 4346 capiatur.
1285 4280 1368 4329 Li.

2267 375 2444 441 7749

1390 544 1505 596 vius
1527 558 1626 595 vn.
1654 548 1737 593 11.
1770 539 1977 592 ‘Palati
2013 554 2043 588 a
2077 538 2290 587 consule
2323 537 2443 598 Poe.

1390 624 1517 674 telio
1539 622 1675 671 haud
1705 620 1885 684 procul
1908 617 2100 667 Tibure
2136 616 2346 677 excepti
2370 614 2446 662 in-

1390 707 1475 750 tra
1497 708 1676 763 portas
1699 689 2118 759 compelluntur.’
2156 690 2341 740 Paullo
2357 705 2447 750 an-

1392 784 1450 826 te
1469 777 1582 825 inde
1603 788 1788 834 cursus,
1809 786 1904 835 pro
1924 771 2230 827 iuderursus,
2247 766 2447 816 Klock-

1391 852 1496 902 ian.
1576 850 1780 913 Saepius
1805 861 1958 897 voces
1989 858 2153 894 cursus
2185 850 2241 892 et
2279 856 2450 891 rursus

1395 933 1778 979 commutantur
1799 925 1951 985 culpa
1973 920 2275 972 scribarum.
2308 918 2447 968 Vide

1395 1020 1512 1070 quae
1533 1004 1711 1054 notavi
1747 1001 1812 1052 ad
1845 1000 1957 1051 Silii
1991 1011 2070 1049 vt.
2103 999 2217 1046 258.
2240 1001 2294 1045 et
2317 996 2452 1045 Bur·

1395 1097 1569 1134 mann.
1591 1083 1656 1132 ad
1680 1083 1896 1132 Nemes.
1919 1078 2120 1141 Cyneg.
2143 1089 2220 1123 vs.
2241 1077 2357 1124 197.

1395 1193 1408 1199 -
1464 1159 1698 1219 Iasorum
1716 1172 1771 1210 ac
1801 1154 2062 1219 propinqua
2087 1153 2201 1213 soro
2223 1153 2324 1200 loca
2343 1164 2453 1199 eon-

1393 1237 1582 1299 globati
1632 1234 1875 1297 redibant]
1939 1229 2171 1292 Aglobuti
2208 1228 2359 1277 Harl.
2400 1231 2453 1276 2.

1403 1314 1555 1364 Port.
1575 1319 1631 1363 et
1662 1312 1805 1362 Hav.
1870 1306 2104 1360 Librari?
2129 1309 2373 1363 errarunt,
2402 1303 2457 1352 in

1400 1388 1711 1451 compendio
1734 1381 2265 1449 scriptnrae,oglobati‚
2294 1380 2346 1428 id
2375 1385 2459 1428 est

1399 1464 1669 1525 conglobati
1683 1479 1703 1522 ,·
1737 1461 1871 1528 quod
1896 1459 2112 1515 verbnm
2143 1457 2321 1506 Livius
2353 1453 2459 1504 fre-

1404 1555 1567 1605 quens
1589 1538 1880 1602 usurpavit.
1913 1536 2084 1598 Supra
2106 1547 2172 1588 ιι.
2193 1536 2278 1581 47.
2300 1537 2314 1560 ⁴
2330 1530 2460 1582 Mis-

1405 1617 1475 1667 sis
1499 1615 1569 1665 ad
1588 1615 1825 1666 consules
1857 1612 2080 1674 nunciis,
2111 1622 2214 1673 quo
2237 1608 2351 1658 loeo
2376 1619 2459 1655 res

1405 1698 1605 1755 essent,
1626 1688 1925 1754 conglobati
1948 1686 2012 1736 ad
2050 1683 2354 1750 praetorium
2380 1695 2460 1731 re-

1403 1768 1605 1817 deunt-⁹
1667 1780 1747 1817 vl.
1784 1770 1834 1815 3.
1883 1771 1898 1795 ⁸
1920 1766 2111 1827 Neque
2154 1776 2210 1811 se
2254 1760 2462 1823 conglo-

1401 1844 1583 1900 bandi,
1626 1841 1954 1906 coeundique
2006 1838 2059 1887 in
2115 1850 2269 1885 unum
2313 1835 2466 1884 datur

1408 1917 1669 1985 spatium.'
1733 1931 1792 1967 x.
1814 1922 1864 1967 5.
1889 1919 1904 1944 ⁶
1925 1915 1996 1976 In,
2011 1913 2243 1962 ultimam
2265 1918 2465 1960 castro-

1412 2010 1524 2046 rum
1570 2001 1775 2058 partem
1819 1988 2231 2053 conglobantur.⁹
2307 1997 2465 2035 xxiv.

1413 2076 1496 2122 16.
1513 2072 1528 2101 ‘
1551 2071 1728 2135 Rapto
1742 2069 1881 2118 iuter
1896 2067 2171 2117 tumultum
2188 2062 2329 2113 ferro
2346 2076 2469 2111 con·

1411 2147 1634 2212 globati,
1653 2153 1708 2195 et
1742 2144 1807 2195 ab
1844 2152 1989 2205 tergo
2013 2141 2317 2192 ceciderunt
2347 2137 2471 2186 1>oe-

1415 2239 1529 2287 nos,
1545 2230 1599 2273 et
1620 2221 1790 2284 fugam
1815 2216 2186 2284 inpediet-unt!
2219 2218 2474 2265 xwaO.

1415 2302 1432 2330 ⁸
1455 2300 1744 2363 Postquam
1768 2311 1856 2346 eos
1880 2310 1946 2345 ex
1970 2294 2126 2342 variis
2153 2291 2346 2341 caussis
2368 2288 2475 2338 for-

1410 2381 1547 2436 ‚tuna
1590 2374 1769 2423 similis
1810 2369 2249 2434 conglobaverat?
2323 2375 2473 2414 xuv.

1417 2455 1501 2501 sl.
1533 2452 1550 2479 ‘
1575 2449 1724 2503 Pulsi
1747 2450 1884 2498 enim
1921 2454 1978 2496 et
2013 2442 2140 2508 fuga
2161 2439 2480 2507 conglobati,

1420 2543 1576 2591 quum
1600 2526 1815 2577 ducenti
1838 2523 2059 2587 amplius
2083 2521 2133 2570 in
2159 2520 2322 2583 portis
2342 2516 2481 2567 ceci·

1422 2603 1654 2654 dissent:
1718 2602 1935 2661 Sallust.
1961 2600 2012 2647 in
2035 2598 2157 2659 Jug.
2179 2610 2227 2645 c.
2250 2600 2332 2645 97.
2347 2596 2364 2622 ‘
2383 2593 2479 2642 Uti

1424 2692 1657 2745 quosque
1688 2692 1796 2727 sors
1831 2673 2256 2738 conglobaverat,
2290 2671 2341 2717 in
2365 2681 2481 2719 nos·

1421 2765 1533 2807 tros
1555 2759 1872 2807 concurrunt
1885 2750 1920 2800 ι’
1956 2749 2044 2798 ubi
2077 2747 2194 2796 vide
2215 2745 2479 2808 Curtium,

1423 2835 1516 2898 qui
1554 2839 1662 2880 tum
1703 2830 1916 2879 aliorum
1955 2824 2191 2886 exempla
2232 2819 2487 2886 laudavit.

1426 2916 1538 2958 tum
1570 2906 1675 2955 duo
1710 2904 1868 2953 etiam
1900 2899 2034 2949 Livii
2067 2911 2133 2946 ex
2169 2909 2318 2945 xxn.
2343 2900 2397 2959 ⁵.
2424 2899 2482 2942 et

1428 2999 1574 3035 xxv.
1609 2988 1690 3032 15.
1757 2981 2029 3031 Praeterea
2059 2973 2302 3024 rediebant
2332 2971 2484 3019 Voss.

1429 3065 1479 3108 1.
1518 3059 1664 3110 Leid.
1686 3061 1735 3105 1.
1776 3057 1903 3105 Lov.
1927 3058 1976 3102 1.
2011 3050 2158 3100 Harl.
2182 3053 2228 3097 l.
2270 3046 2406 3096 Hav.
2427 3051 2484 3094 et

1427 3135 1616 3199 fragm.
1640 3133 1783 3182 Hav.
1851 3129 2045 3179 Mirum
2081 3125 2135 3174 in
2169 3125 2308 3173 hunc
2346 3135 2486 3171 erro-

1430 3226 1539 3262 rem
1562 3210 1787 3274 optimos
1809 3204 2127 3269 consentire.

1494 3291 1522 3352 §
1544 3292 1575 3337 7
1629 3283 1871 3349 ΕάξΙὶσίἱε
1917 3277 2168 3341 obseratis]
2217 3274 2489 3335 Obsce-ratis

1430 3366 1581 3416 Voss.
1611 3367 1658 3412 2.
1683 3371 1737 3411 et
1772 3362 1922 3410 Port.
1948 3373 1979 3407 a
2000 3373 2070 3406 m.
2092 3371 2171 3420 pr.
2227 3352 2488 3402 observatis

1430 3442 1584 3497 Harl.
1601 3445 1650 3488 2.
1669 3439 1806 3488 HaV.
1823 3450 1854 3483 a
1869 3449 1938 3484 m.
1956 3447 2037 3496 pr.
2050 3440 2103 3480 et
2118 3429 2309 3479 Klock.
2342 3426 2491 3476 Infra

1433 3533 1637 3572 xxxrx.
1661 3523 1740 3583 14.
1765 3524 1779 3546 ‘
1796 3513 2132 3565 Coenaculum
2164 3524 2319 3573 super
2347 3507 2488 3557 oedes

1434 3597 1616 3645 datium
1635 3602 1737 3657 est,
1762 3591 1916 3641 scalis
1951 3586 2240 3636 ferentibus
2273 3585 2324 3631 in
2362 3582 2490 3646 pub-

1434 3674 1592 3723 licum
1614 3669 1893 3727 obseratis,
1909 3664 2053 3713 aditu
2070 3662 2123 3710 in
2148 3660 2283 3710 aedes
2305 3657 2493 3708 verso.'

1435 3762 1524 3799 xl..
1541 3753 1589 3798 7.
1605 3746 1622 3774 ‘
1640 3740 1963 3795 Infamandae
1983 3738 2058 3786 rei
2080 3750 2264 3786 caussa
2276 3735 2493 3798 januam

1437 3823 1665 3875 obserari
1691 3817 1884 3883 jubet.’
1947 3815 2131 3864 Florus
2163 3826 2249 3861 ιιι.
2274 3816 2321 3861 6.
2359 3814 2386 3876 §
2412 3815 2494 3860 lo.

1438 3902 1624 3964 ‘Ipsas
1671 3891 2010 3958 Propontidis
2053 3888 2234 3938 fauces
2272 3887 2491 3947 Porcius

1440 3977 1572 4026 Cato
1589 3974 1664 4022 sic
1681 3970 1872 4021 obditis
1895 3965 2105 4014 navibus
2122 3963 2266 4028 quasi
2289 3967 2495 4026 portam

1441 4045 1750 4100 obseravit?
1784 4043 2060 4107 ubietiam
2097 4039 2280 4090 eodem
2320 4051 2493 4087 errore

1442 4125 1654 4190 quidam
1676 4120 1835 4185 codd.
1862 4117 2157 4169 observavit.-
2190 4114 2326 4179 qnod
2349 4121 2496 4163 recte

1445 4201 1542 4249 viri
1567 4199 1707 4248 docti
1733 4193 2237 4260 rejecer1=n3,j11vito
2263 4189 2493 4252 quamvis

1446 4277 1698 4339 Grutero,
1740 4283 1849 4324 tum
1888 4273 1941 4321 in
1987 4271 2126 4319 notis
2167 4268 2233 4318 ad
2268 4268 2494 4328 Florum,
