2934 4925
462 400 637 469 7934

473 563 757 616 Hesrnius.
822 559 930 611 Pro
953 558 1198 611 lemmate
1230 558 1370 609 enim
1405 556 1529 607 olim

470 640 538 690 nd
559 640 673 690 hmc
696 639 779 689 vel
814 653 959 703 seqq·
993 636 1156 687 verba
1192 636 1247 685 in
1282 650 1376 685 ora
1412 634 1531 684 libri

469 723 704 768 notatum
744 714 904 767 fuisse
942 715 1148 766 videtur
1181 712 1429 763 dictatoris
1454 726 1532 762 re·

466 808 663 857 gressu
714 794 779 843 ud
831 792 1205 857 comprimendas
1256 789 1531 853 seditiones,

475 872 615 938 quod
658 885 781 921 mox
803 885 919 934 cap.
952 884 1061 936 seq.
1097 866 1344 919 refertur.
1409 865 1534 917 Alia

471 946 732 1011 exempla·
752 948 1069 1004 lemmatum,
1091 961 1206 1011 qum
1239 945 1293 995 in
1314 953 1533 995 contex-

473 1031 583 1074 tum
602 1037 780 1075 errore
798 1024 1128 1075 librariorum
1146 1022 1373 1073 admissa
1393 1027 1534 1086 sunt,

471 1098 769 1150 videbimus
793 1099 858 1149 ad
880 1113 978 1150 vn.
1001 1102 1086 1148 40.
1108 1099 1138 1163 ξ
1157 1100 1208 1147 4.

537 1177 567 1240 §
588 1179 649 1225 18
674 1176 845 1240 Itaque
865 1174 1241 1240 exsequebantur
1256 1173 1531 1239 querendo]

470 1250 606 1303 Mss.
626 1254 877 1302 eredendo.
944 1252 1090 1315 Lege
1110 1252 1324 1301 cereudo.
1343 1249 1535 1300 Klork.

471 1331 709 1380 Mentem
732 1328 945 1379 Kloekii
982 1342 1086 1379 non
1120 1327 1397 1393 adsequor,
1440 1341 1534 1376 ne·

470 1421 574 1474 que
607 1406 762 1457 video
803 1406 930 1472 quid
963 1405 1171 1456 notabit
1196 1421 1297 1455 vox
1320 1406 1536 1455 verendo.

476 1484 618 1535 Novi
641 1484 846 1534 veteres
864 1496 1017 1540 cereo,
1048 1498 1145 1548 pro
1167 1498 1291 1545 creo,
1318 1481 1534 1533 dixisse.

474 1555 614 1610 Vide
636 1559 826 1623 Scslig.
850 1559 915 1608 ed
953 1560 1108 1608 Verr.
1128 1559 1194 1608 de
1234 1559 1382 1622 Ling.
1419 1559 1535 1608 Lot.

473 1637 511 1686 l.
534 1650 591 1686 V.
613 1651 665 1701 p.
687 1641 770 1687 60.
790 1643 848 1687 et
865 1637 1107 1687 Vossium
1141 1637 1195 1686 in
1231 1636 1455 1700 Etymol.
1478 1650 1535 1687 V.

474 1712 684 1764 ‘Crem'
751 1714 942 1763 Verum
974 1728 1038 1764 ea
1070 1712 1383 1777 significatio
1415 1712 1537 1762 huie

468 1790 590 1841 loeo
612 1790 893 1841 convenire
917 1804 1020 1841 non
1043 1791 1236 1854 potuit.
1280 1790 1363 1840 Au
1387 1804 1536 1855 ergo,

472 1865 911 1930 quemadmodum
950 1881 1088 1917 cocus
1124 1881 1220 1930 pro
1254 1881 1447 1930 coquus,
1480 1872 1538 1916 et

472 1941 665 1992 similia
686 1940 820 1992 bene
849 1943 1014 1993 multa
1037 1942 1240 2007 antiqui
1274 1943 1540 2006 dixerunt,

471 2019 550 2069 its
572 2027 630 2069 et
649 2019 733 2069 bic
757 2033 790 2069 a
811 2019 963 2070 Livio
983 2024 1182 2071 cer-endo
1214 2034 1307 2085 pro
1329 2036 1541 2084 quaeren·

474 2096 537 2144 do
557 2095 810 2160 scriptum
833 2097 1187 2147 existimavit?
1253 2098 1446 2147 Verum
1463 2098 1540 2148 ita

473 2174 689 2223 coerendo
742 2172 921 2223 dicere
976 2172 1259 2225 debuisset.
1342 2175 1459 2225 Nisi
1488 2175 1537 2241 si

473 2246 785 2312 ‘quaerere,’
821 2258 876 2298 ιιι
915 2250 1225 2314 quibusdam
1279 2252 1476 2314 placet,
1507 2266 1543 2302 a

477 2324 666 2375 Graeco
675 2322 894 2389 χηρεύειν
904 2325 1264 2376 deducendum
1277 2327 1540 2390 opinatus,

476 2400 691 2465 entique
714 2401 871 2451 etiam
894 2401 1007 2449 sine
1027 2400 1350 2467 diphthongo
1371 2404 1545 2467 scrip-.

475 2483 588 2528 tum
612 2476 772 2529 fuisse
804 2479 1022 2543 putarit.
1090 2479 1164 2529 At
1191 2480 1305 2544 quis
1333 2488 1437 2530 tam
1458 2481 1541 2530 in-

475 2560 633 2619 eptus
675 2568 790 2605 esse
840 2555 1055 2620 poterit,
1094 2563 1152 2606 ιιι
1204 2557 1405 2607 Livium
1461 2561 1539 2608 ita

476 2632 750 2694 scripsisse
773 2632 825 2681 in
859 2632 1085 2682 animum
1119 2633 1367 2684 inducat?
1436 2633 1538 2685 Fa-

475 2707 693 2758 miliaris
716 2707 847 2758 adeo
880 2709 996 2758 baec
1038 2710 1234 2760 locutio
1257 2711 1406 2760 Livio
1434 2718 1538 2775 est,

476 2789 548 2833 ut¹
559 2784 616 2831 in
628 2782 839 2847 seriptis
861 2783 973 2848 ejus
985 2784 1178 2848 hospes
1188 2800 1299 2837 esse
1321 2786 1537 2850 debeat,

478 2858 570 2924 qui
591 2858 658 2910 de
684 2859 904 2911 veritate
939 2859 1052 2924 ejus
1080 2862 1326 2912 lectionis
1352 2876 1414 2913 ae
1446 2877 1536 2927 ge-

478 2934 641 2985 nuino
662 2950 817 2986 sensu
846 2935 1088 2987 dubitare
1111 2944 1314 3002 potesta
1355 2940 1539 3003 utique

476 3018 752 3077 postquam
785 3012 923 3062 illam
948 3014 1144 3078 optime
1178 3015 1477 3065 inlustravit
1510 3015 1538 3063 ὀ

476 3084 603 3137 πάνυ
622 3088 857 3139 Gronov.
874 3090 938 3139 ad
956 3089 1091 3139 Livii
1109 3103 1193 3140 rx.
1210 3093 1305 3155 ις
1326 3094 1406 3140 11.
1440 3092 1540 3140 Mi·

476 3177 568 3213 ror
582 3164 1132 3229 itaque‚interpretem
1150 3167 1538 3230 Delpbiuicum,

479 3239 570 3301 qui
612 3237 752 3289 dicto
798 3240 916 3290 loco
951 3240 1365 3292 emendationem
1404 3243 1539 3293 Gro-

478 3315 620 3364 nuvii
642 3315 840 3365 calculo
853 3330 945 3366 suo
965 3317 1227 3381 probavit,
1241 3317 1327 3368 hic
1344 3325 1540 3377 tamen,

480 3406 650 3457 quum
666 3398 820 3443 antea
855 3394 1112 3457 vulgatam
1151 3395 1428 3445 lectionem
1452 3412 1540 3445 ex·

476 3481 674 3532 ponere
696 3473 914 3519 conatus
931 3475 1085 3525 esset,
1107 3469 1410 3534 subjecisse,
1427 3473 1542 3522 -Li-

479 3545 620 3596 vium
654 3544 791 3596 forte
830 3545 1116 3609 scripsisse,
1141 3547 1430 3611 Itaquedioec
1463 3563 1540 3599 se-

478 3622 741 3686 quebantar
792 3623 1077 3686 quoereud03
1124 3621 1176 3671 id
1233 3630 1335 3686 est,
1383 3623 1540 3674 dictis

479 3700 669 3749 Manlii
711 3698 988 3762 postremis
1017 3698 1343 3749 adltaerentes
1380 3715 1442 3750 ac
1480 3700 1541 3750 fi-

479 3776 599 3824 dem
633 3774 886 3825 habentes
923 3774 1346 3826 sciscitabantur.
1413 3777 1543 3828 Non

481 3851 720 3916 equidem
756 3850 959 3900 invideo
1002 3852 1099 3914 ipsi
1150 3850 1384 3915 delicias,
1411 3868 1541 3917 quas

481 3928 581 3979 sibi
602 3927 781 3991 fingit3
816 3927 968 3977 modo
986 3927 1109 3977 milii
1124 3927 1283 3989 liceat
1303 3928 1376 3993 id,
1400 3929 1541 3993 qnod

482 4005 637 4067 vulgo
660 4003 1047 4068 circumfertur,
1084 4012 1156 4061 et,
1193 4005 1236 4054 si
1256 4001 1539 4058 Kieekian

483 4080 736 4144 excipies,
773 4082 999 4130 omnium
1034 4081 1272 4132 codicum
1303 4083 1545 4142 testimo·

482 4157 571 4210 nio
592 4154 951 4219 confirmatur,
985 4156 1225 4220 probare.
1291 4160 1547 4248 Exseqne-

479 4233 624 4286 batur
647 4239 726 4282 est
750 4232 804 4281 in
828 4233 954 4283 Lov,
970 4237 1023 4282 4.

493 4333 497 4338 ’
555 4310 650 4362 Ubi
680 4315 831 4362 tanta
868 4310 943 4361 rei
961 4310 1158 4373 furtum
1199 4315 1541 4381 occultaretur]

1560 700 1761 759 ’etiam
1795 709 2011 760 Hearne
2045 708 2096 759 in
2132 707 2306 759 Oxon.
2335 710 2401 759 C.

1159 410 1378 464 NOTAE
1425 409 1843 462 vAmoRtJM.
1881 409 1959 459 m

1604 556 1804 606 Iterum
1842 553 2017 609 iidem,
2044 552 2462 617 Μυκηνᾶν.
2495 549 2663 603 Geblu

1603 631 1754 698 (Vid.
1789 632 1968 682 Lectt.
2006 628 2188 694 Varr.)
2251 630 2665 679 Pei-occultaretur

2434 722 2493 758 se
2525 723 2665 758 inve·

1604 787 1749 836 nisse
1782 785 2052 849 professus
2080 792 2180 836 est.
2243 785 2455 836 Proeter
2477 799 2512 834 a
2533 784 2666 835 Gro-

1604 863 1761 913 novio
1793 863 2062 914 laudatum
2097 862 2252 914 Voss.
2282 867 2334 913 2.
2365 862 2524 928 eique
2556 864 2664 929 ple-

1603 954 1820 1006 rumque
1857 936 2270 992 consentientem
2294 941 2425 993 Lov.
2456 944 2508 990 3.
2540 940 2666 990 nulli

1605 1030 1833 1067 meorum
1855 1031 1971 1066 eam
1992 1016 2269 1068 lectionem
2290 1015 2517 1067 firmant.
2573 1016 2681 1066 Ubiv

1606 1098 1757 1144 tanta
1772 1093 1996 1153 reissrm
2010 1095 2357 1148 emerentur
2371 1099 2456 1145 est
2473 1093 2527 1143 in
2541 1094 2666 1143 LoV.⁴

1605 1175 1656 1221 2.
1679 1171 1764 1239 cui
1798 1170 1977 1222 favere
1998 1171 2209 1222 videtur
2228 1170 2377 1222 Leid.
2394 1175 2446 1220 1.
2474 1169 2667 1235 futura,

1605 1249 1919 1315 profertum,
1933 1247 2205 1300 exhibens.
2268 1247 2479 1314 Reliqui
2499 1248 2671 1311 singu·

1606 1327 1715 1376 lare
1736 1325 1976 1391 probant.
2039 1326 2245 1377 Deinde
2264 1331 2571 1390 occuparem
2589 1331 2670 1374 est

1607 1402 1661 1452 in
1688 1402 1832 1452 Leid.
1853 1408 1900 1454 1.
1924 1417 1955 1452 a
1978 1417 2048 1454 m.
2069 1417 2149 1468 pr.
2184 1403 2321 1468 quod
2349 1408 2498 1453 recte
2519 1415 2670 1452 manu

1610 1481 1774 1529 altera
1814 1480 1867 1530 in
1912 1482 2247 1530 occultaretur-
2271 1486 2545 1530 mutatum·
2572 1484 2672 1529 est.

1610 1556 1885 1607 Interdum
1908 1557 2103 1608 scribas
2126 1557 2202 1607 ita
2233 1570 2455 1618 errasse,
2478 1554 2672 1606 videbi-

1611 1647 1724 1683 mus
1746 1633 1813 1682 ad
1839 1646 2024 1684 xxvu.
2046 1638 2096 1685 8.
2121 1636 2151 1699 ς
2172 1637 2222 1684 8.
2273 1632 2355 1683 Ibi
2375 1633 2555 1690 etiam,
2577 1646 2669 1696 pru

1608 1710 1708 1772 sbi,
1739 1710 1897 1761 habet
1938 1713 2092 1762 Port.
2123 1726 2156 1761 a
2188 1724 2260 1761 m.
2290 1723 2385 1775 pr.⁸
2436 1709 2576 1761 Vide
2605 1708 2672 1759 ad

1611 1800 1797 1838 xxvn.
1820 1794 1869 1838 5.
1892 1790 1921 1853 §
1944 1793 1996 1838 2.

1675 1863 2040 1928 Differ-entem
2061 1869 2119 1915 et
2136 1870 2344 1929 tempore
2369 1877 2457 1913 suo
2478 1878 2529 1914 se
2546 1861 2674 1914 iudi‘·
2698 1900 2701 1903 >

1608 1943 1824 1989 caturam
1844 1939 2083 2002 dicente]
2068 1940 2462 2005 Differentnqse
2481 1944 2531 1990 et
2559 1945 2675 1989 teni·
2652 1965 2683 1983 --

1605 2031 1846 2080 poresuo
1882 2033 1933 2068 se
1961 2017 2288 2067 indicaturum
2315 2015 2507 2067 dicente
2536 2016 2673 2067 Flor.

1611 2108 1644 2143 a
1665 2108 1733 2143 m.
1763 2108 1842 2157 pr.
1882 2109 1974 2158 pro
2012 2109 2125 2161 quo
2150 2090 2407 2159 differenti
2434 2094 2600 2156 itaque
2629 2098 2677 2144 et

1611 2174 1817 2233 tmpore
1835 2185 1920 2220 auo
1942 2185 1974 2220 a
1992 2185 2064 2221 m.
2088 2185 2196 2221 sec.
2217 2169 2550 2220 emendatum
2578 2178 2695 2237 est...

1612 2244 1686 2294 At
1706 2245 2041 2310 afflet-entique
2062 2253 2119 2295 et
2137 2259 2257 2296 mox
2274 2244 2467 2295 dicenti·
2488 2246 2683 2310 reliqui

1611 2336 1787 2372 omnes
1823 2322 1976 2372 codd.
1997 2321 2121 2387 mei,
2141 2327 2201 2372 et
2223 2320 2363 2386 apud
2386 2321 2678 2372 Hesrninm

1611 2401 1769 2451 etiam
1790 2402 1920 2452 Exc.
1945 2402 2156 2453 Pithoei.
2221 2400 2391 2451 Hisne
2413 2401 2580 2466 igitur
2612 2416 2685 2453 ιιι,

1611 2480 1802 2528 eximio
1821 2479 2065 2530 Bentleio
2086 2477 2239 2529 fldem
2260 2477 2597 2542 babebimus,
2610 2479 2684 2529 ad

1613 2554 1825 2605 Horatii
1860 2556 1965 2606 Od.
1990 2571 2030 2605 1.
2058 2560 2142 2606 25.
2171 2559 2254 2606 17.
2290 2555 2344 2606 id
2381 2556 2590 2620 agenti,
2623 2562 2680 2608 nt

1611 2632 1838 2689 evincat,
1875 2633 2045 2682 claros
2079 2633 2389 2708 scriptores,
2422 2633 2517 2698 qui
2556 2634 2681 2684 ami-

1613 2708 1741 2758 citia
1777 2708 2003 2773 Augusti
2041 2708 2353 2773 floruerunt,
2391 2709 2685 2762 ablativum

1612 2785 1926 2849 singularem
1967 2786 2365 2852 participiorum
2401 2788 2682 2851 praesentis

1613 2862 1865 2926 temporis
1902 2864 1959 2912 ἰιι
1991 2879 2039 2924 e,
2072 2877 2176 2913 non
2214 2864 2268 2913 in
2308 2864 2348 2926 ἰ,
2387 2862 2682 2913 direxisse?

1586 2938 1808 2989 =Verum
1840 2953 1943 2988 non
1981 2938 2134 2990 modo
2165 2945 2246 2989 tot
2284 2939 2554 2990 codicibus
2592 2940 2687 2998 adq

1615 3014 1810 3063 versari
1834 3015 2166 3066 temerarium
2187 3022 2289 3081 est,
2313 3015 2406 3065 sed
2436 3022 2495 3066 et
2518 3016 2684 3081 pluri-

1617 3093 1774 3142 main
1802 3093 1949 3144 Livio
1972 3095 2162 3159 passim
2194 3094 2481 3146 obcurrunt
2508 3110 2685 3147 exem-

1617 3170 1720 3233 pla,
1742 3169 1829 3219 ubi
1849 3184 2028 3221 eorum
2046 3171 2309 3222 nominum
2331 3185 2479 3222 casus
2503 3179 2685 3223 sextus

1617 3246 1898 3296 seeundum
1941 3262 2242 3299 eonsensum
2296 3246 2410 3299 fere
2451 3249 2688 3304 omnium

1618 3323 1773 3372 codd.
1801 3330 1857 3374 et
1887 3324 2012 3376 edd.
2044 3325 2097 3375 in
2129 3325 2151 3375 ι’
2183 3323 2460 3388 formatur,
2491 3326 2684 3391 quibus

1619 3399 1794 3448 invitis
1817 3400 1869 3449 id
1892 3406 2099 3452 mutare
2119 3401 2286 3451 audax
2307 3402 2461 3451 nimis
2481 3410 2541 3454 et
2560 3404 2686 3453 cali-

1619 3475 1742 3524 dum
1775 3474 1933 3527 foret.
1998 3478 2086 3528 Ita
2108 3484 2124 3508 ‘
2145 3493 2281 3529 anno
2302 3479 2585 3545 sequenti,’
2605 3480 2687 3531 vel

1619 3551 1636 3581 ‘
1658 3551 1990 3618 insequenti‚’
2024 3554 2200 3605 multis
2236 3555 2381 3605 locis'
2404 3555 2550 3620 apud
2580 3556 2682 3605 ‘Li-

1620 3629 1759 3680 vium
1810 3630 2114 3694 obcurrere,
2165 3631 2253 3681 ubi
2306 3631 2434 3683 nibil
2479 3633 2683 3684 variant

1619 3705 1802 3770 scripti
1836 3706 1919 3756 vel
1958 3707 2107 3771 editi,
2129 3706 2417 3757 videbimus
2457 3708 2559 3759 boe
2591 3710 2683 3761 lib.

1619 3782 1686 3833 sd
1710 3797 1757 3833 c.
1778 3786 1862 3833 21.
1884 3784 1914 3847 §
1936 3786 1984 3831 1.
2022 3784 2041 3812 ⁴
2059 3783 2379 3848 discrepanti
2413 3785 2684 3837 editione!

1617 3862 1800 3908 1v.28.
1824 3859 1924 3922 §2
1960 3856 2051 3910 nbi
2082 3866 2254 3911 tamen
2287 3875 2429 3911 nnnc
2448 3863 2593 3913 edidi
2615 3878 2681 3914 ex

1618 3934 1752 3985 Mas.
1795 3936 2123 3999 discrepante.-
2151 3938 2169 3966 ⁴
2187 3936 2466 3988 inminenti
2510 3940 2682 3992 mole'

1617 4010 1854 4071 obcurrit
1874 4014 2101 4077 v1.19.§
2125 4016 2175 4061 1.
2196 4012 2500 4064 ‘constanti
2521 4016 2684 4079 paee’

1618 4101 1668 4139 c.
1690 4091 1773 4137 25.
1787 4088 1816 4151 §
1841 4090 1922 4137 11.
1952 4086 2044 4137 nbi
2068 4101 2238 4152 nuper
2255 4089 2415 4139 etiam
2436 4099 2683 4144 constante

1591 4162 1817 4218 .editnm
1859 4168 2006 4213 erat:
2053 4163 2383 4214 §continenti
2439 4169 2682 4230 agmine’
2673 4195 2683 4210 ·

1532 4264 1537 4270 ·
1618 4240 1854 4305 plerique
1875 4239 2029 4294 codd.
2049 4253 2175 4291 vm.
2195 4245 2244 4292 8.
2266 4244 2295 4307 §
2320 4245 2407 4292 18.
2437 4249 2455 4271 ⁶
2477 4245 2683 4307 patenti

1617 4317 1831 4384 campo'
1848 4330 1971 4370 xxx.
1982 4321 2031 4370 8.
2046 4319 2076 4383 ς
2089 4322 2139 4369 7.
2160 4319 2399 4371 ‘consule
2415 4321 2683 4385 postulan-
