2934 4925
644 369 820 440 7562

647 530 854 596 quando
909 528 1065 595 coepti
1108 534 1260 580 ersnt
1295 529 1413 580 Veii
1459 529 1706 580 obsideri.

648 611 781 659 Vide
809 608 873 658 Α.
896 608 960 657 U.
982 608 1043 658 C.
1073 621 1222 658 cccl..
1241 607 1402 672 ipsius
1428 607 1564 657 Livii
1589 622 1705 658 ver·

646 686 717 736 ba
740 699 816 735 tv.
833 689 915 735 61.
973 684 1147 735 Quare
1168 684 1460 746 annumjan
1489 687 1705 748 quintum

646 763 836 827 legem.
907 762 1092 826 Neque
1126 761 1262 810 enim
1280 761 1535 810 'minuere
1573 767 1704 810 tem·

650 855 768 905 pus,
805 839 896 889 sed
941 837 1213 901 ampliare,
1250 837 1514 886 volebant.
1564 837 1707 886 Glar-

648 916 843 967 Anmm
893 915 1110 978 quintum
1157 912 1534 966 emendandum
1588 926 1704 962 esse

649 999 832 1043 censet
867 991 1182 1053 Glareanus,
1213 990 1336 1054 quia
1373 990 1555 1054 quinto
1584 996 1707 1041 ente

647 1085 781 1122 anno
804 1069 923 1120 Veii
947 1067 1179 1118 obsideri
1199 1067 1360 1130 coepti
1383 1068 1505 1117 sint.
1582 1067 1704 1118 Non

647 1149 892 1213 iutelligit
916 1153 1107 1205 autem,
1126 1145 1359 1196 tribunos
1378 1144 1565 1209 plebis,
1578 1160 1705 1210 quo·

648 1240 764 1276 rum
795 1228 910 1279 baec
945 1225 1112 1275 oratio
1145 1228 1242 1281 est,
1264 1237 1367 1273 non
1398 1223 1594 1274 babere
1624 1237 1706 1273 ra-

650 1291 841 1355 tionem
876 1303 987 1366 ejus
1032 1301 1173 1358 enni,
1213 1315 1399 1358 verum
1427 1301 1548 1350 anni
1583 1307 1706 1350 aute

650 1379 815 1437 tertii,
835 1392 936 1443 quo
960 1378 1181 1442 primum
1195 1376 1439 1427 Veiorum
1463 1376 1706 1428 obsiden-

651 1456 834 1505 dorum
855 1469 1038 1505 caussa
1061 1454 1393 1503 hibernacula
1408 1452 1549 1503 facte
1566 1459 1709 1516 sunt,

650 1532 791 1596 qnod
806 1530 951 1595 plebs
969 1528 1321 1594 indignissime
1342 1529 1482 1578 tulit.
1515 1529 1707 1594 Itaque

652 1610 720 1660 ab
762 1622 826 1658 eo
866 1622 1000 1658 anno
1042 1607 1176 1656 trabi
1219 1606 1409 1656 bellum
1447 1607 1708 1672 inquiunt·

652 1686 826 1748 Sigon.
895 1685 1108 1735 Tertium
1140 1691 1441 1733 constanter
1471 1689 1710 1747 superest

651 1764 705 1814 in
749 1763 958 1827 scriptis
999 1762 1251 1812 omnibus.
1315 1761 1418 1812 Sed
1452 1760 1622 1811 bellum
1658 1761 1713 1810 in

650 1840 945 1903 annumjum
964 1839 1163 1892 tertium
1188 1838 1319 1888 trahi
1342 1838 1501 1888 babet
1523 1837 1711 1902 fragm.

653 1916 791 1966 Hav.
828 1932 859 1966 a
888 1930 956 1965 ιιι.
991 1929 1101 1965 sec.
1127 1914 1385 1979 quomodo
1407 1915 1566 1964 etiam
1587 1915 1713 1964 scri·

651 1991 879 2043 bendum
913 2005 1050 2050 esse,
1088 1992 1166 2039 vir
1199 1989 1384 2040 doctus
1422 1991 1488 2038 sd
1528 1990 1714 2053 mergi-

652 2081 773 2116 nem
796 2066 880 2116 ed.
902 2064 1119 2115 Mediol.
1153 2068 1300 2117 1480.
1323 2066 1576 2130 conjecit.
1610 2068 1626 2096 ‘
1647 2066 1712 2116 Iu

654 2143 869 2193 tertium
893 2155 1081 2191 annum
1101 2140 1114 2162 ’
1149 2148 1234 2191 est
1248 2144 1484 2206 usquein
1502 2143 1714 2192 tertium

654 2233 863 2282 anmnm,
886 2227 947 2268 ut
965 2219 1118 2267 Silius
1134 2218 1304 2284 inquit
1320 2222 1534 2269 xl.392.
1564 2219 1580 2246 ⁸
1596 2233 1715 2282 reg-

653 2310 778 2344 num
822 2294 995 2343 trabat
1029 2308 1190 2358 usque
1223 2296 1274 2343 in
1309 2301 1550 2359 tempora
1581 2294 1718 2346 feti?

654 2370 741 2420 Ita
766 2384 851 2419 ιιι.
875 2373 924 2421 1.
957 2377 973 2399 ‘
993 2370 1302 2421 Exti-actum
1320 2371 1373 2420 in
1391 2372 1602 2421 tertium
1624 2387 1714 2423 nn-

654 2464 777 2499 ιιιιιιι
801 2447 993 2498 bellum
1015 2448 1138 2500 est.'
1176 2464 1291 2513 cap.
1310 2453 1392 2500 24.
1427 2456 1445 2480 ⁴
1462 2450 1716 2501 Extracts

656 2533 878 2589 utreque
914 2539 997 2574 res
1033 2525 1084 2575 in
1127 2527 1392 2575 consulum
1430 2525 1715 2577 adventum

656 2600 774 2650 est.'
840 2601 916 2651 Ut
953 2607 1130 2650 temen
1155 2602 1417 2665 vulgatum
1441 2607 1716 2667 mutemus,

656 2678 801 2729 nulls
821 2676 1019 2740 subigit
1042 2679 1346 2729 necessitas.
1413 2678 1600 2729 Potius
1626 2693 1717 2731 ex·

655 2754 828 2803 istimo
847 2753 908 2802 τὸ
927 2753 981 2803 in
1002 2754 1083 2804 hic
1101 2762 1282 2805 natum
1305 2769 1420 2806 esse
1443 2771 1513 2806 ex
1537 2756 1719 2807 ultime

653 2831 810 2881 litera
834 2830 1020 2895 prioris
1043 2832 1202 2882 vocis.
1244 2832 1380 2884 Vide
1402 2828 1469 2883 ad
1495 2846 1719 2884 xxxvn.

658 2911 738 2958 ll.
762 2910 791 2973 ς
813 2913 862 2959 4.
929 2909 1116 2974 Neque
1146 2910 1304 2960 etiam
1328 2911 1520 2961 bellum
1544 2911 1719 2962 trabe·

658 2986 818 3036 betur
864 2984 951 3035 'in
996 2987 1208 3037 tertium
1251 2988 1476 3052 anunm,’
1517 2988 1573 3037 id
1619 2995 1718 3047 est,

657 3077 824 3127 usque
863 3062 918 3111 in
955 3065 1165 3114 tertium
1187 3079 1412 3126 ennum3
1446 3065 1542 3115 sed
1579 3067 1595 3094 ‘
1617 3073 1721 3116 ter·

660 3137 791 3190 tiur'n
837 3138 1064 3196 annum?
1117 3141 1172 3190 id
1213 3148 1315 3206 est,
1362 3157 1460 3207 per
1507 3142 1723 3192 tertium

661 3231 874 3277 anunm,
917 3231 1012 3278 per
1061 3224 1171 3267 tres
1208 3232 1392 3268 ennos-
1475 3217 1721 3282 Ejusdem

658 3289 867 3356 generis
907 3289 1097 3341 locutio
1131 3300 1230 3349 est,
1272 3296 1288 3321 ‘
1303 3293 1569 3357 justitium
1609 3288 1721 3344 fue·

657 3374 743 3420 rat
771 3367 883 3416 dies
926 3366 1104 3418 decem
1136 3376 1191 3418 et
1221 3366 1370 3420 octo'
1417 3383 1475 3420 x.
1513 3375 1598 3420 21.
1630 3369 1722 3420 ubi

659 3445 818 3495 etiam
852 3444 1061 3506 quidam
1096 3445 1250 3496 codd.
1277 3461 1364 3510 per
1391 3446 1515 3497 dies.
1545 3502 1551 3508 ,
1583 3445 1730 3497 Vide·

658 3535 776 3587 quae
813 3517 885 3567 ibi
937 3530 1228 3572 notantur:
1278 3522 1447 3574 ‘diem
1494 3532 1722 3574 noctem·

657 3616 759 3666 que
803 3599 1017 3651 arsere'
1071 3612 1244 3650 xxxv.
1289 3604 1375 3650 40.
1426 3600 1517 3650 ubi
1560 3603 1720 3652 etiam

660 3678 796 3729 vide.
859 3678 1054 3729 Annum
1096 3675 1291 3726 tertium
1314 3675 1424 3737 jam
1454 3676 1588 3726 trahi
1620 3677 1721 3727 elio

661 3756 844 3813 ordine
893 3754 1143 3813 exhibent
1187 3753 1338 3804 Harl.
1378 3757 1428 3804 2.
1475 3755 1626 3805 Port.
1665 3762 1722 3806 et

662 3829 800 3880 Har.
855 3831 1102 3881 Ceterum
1123 3828 1415 3880 Glareanus
1437 3830 1720 3881 emendans

658 3922 835 3966 annum
857 3906 965 3967 jam
994 3907 1230 3970 quintum,
1252 3920 1356 3957 non
1378 3906 1584 3956 initium
1606 3907 1721 3971 ejus

659 3985 912 4048 temporis
949 3982 1206 4033 desumsit
1235 3983 1300 4034 ab
1335 4000 1383 4034 a..
1422 3997 1723 4035 occxm'nr.

662 4061 752 4125 qui
789 4060 887 4124 ipsi
911 4066 993 4109 est
1023 4073 1179 4110 cccr..
1208 4075 1310 4125 quo
1346 4060 1448 4110 duo
1490 4061 1720 4111 Cornelii

663 4135 815 4185 Cossi
859 4135 1052 4185 tribuni
1108 4135 1328 4185 militum
1370 4135 1539 4198 fuere,
1585 4144 1721 4188 teste

658 4211 812 4263 Livio
833 4226 910 4261 lv.
934 4216 1014 4262 58.
1049 4219 1108 4261 ιιι
1130 4213 1397 4263 existimat
1410 4214 1723 4278 Donjatius3

663 4287 778 4349 sed,
807 4296 867 4336 ut
890 4287 1142 4337 Glareeni
1178 4287 1512 4354 chronologia
1550 4291 1724 4353 docet,

660 4365 730 4415 ab
753 4381 800 4416 a.
821 4379 1084 4418 cccxux.
1105 4368 1193 4433 qui
1215 4368 1314 4432 ipsi
1336 4381 1486 4420 cccx..
1505 4376 1603 4433 est,
1617 4383 1717 4434 quo

1338 386 1552 436 NOTAE
1599 385 2008 435 vsltlomm
2061 387 2134 436 ΙΝ

1778 529 1884 580 duo
1929 528 2167 583 Quinctii
2201 530 2268 581 Τ.
2312 528 2661 594 Capitolinus
2701 545 2733 580 e

1780 608 2121 658 Cincinnatus
2136 622 2422 673 eorumque
2437 609 2676 672 collegae
2701 619 2733 659 t]

1778 689 1956 733 netum
1973 686 2294 734 consularem
2309 684 2691 734 obtinuerunt.
2707 686 2733 735 Ι

1776 767 1837 810 ιιι
1873 761 2042 827 iuquit
2075 760 2254 811 Livius
2286 774 2367 810 lv.
2389 764 2475 810 m.
2514 759 2625 810 ‘ab
2649 761 2735 811 bis

1776 852 1915 887 mum
1936 838 2259 888 circumsessi
2279 839 2396 888 Veii
2417 838 2592 890 sunt.’

1844 915 1908 964 In
1944 920 2146 978 quotuor
2176 915 2347 966 deinde
2380 916 2508 965 bella
2540 930 2640 965 uno
2676 917 2735 966 de

1776 993 2018 1043 exercitus
2035 991 2261 1057 scriptoe]
2285 991 2367 1043 Aa
2382 998 2522 1056 quet.
2547 992 2734 1043 dein&

1779 1068 1934 1119 Harl.
1956 1074 2005 1120 2.
2028 1069 2247 1120 Gaertn.
2272 1071 2423 1120 Port.
2446 1078 2508 1119 et
2534 1069 2683 1120 Rev.

1779 1144 1995 1209 primam
2031 1147 2264 1196 voculam
2297 1144 2553 1196 omittunt
2580 1146 2718 1196 Lov.

1778 1227 1831 1272 5.
1850 1229 1906 1273 ct
1930 1223 2082 1274 Voss.
2102 1227 2153 1273 2.
2216 1223 2348 1273 Tum
2380 1238 2476 1273 uno
2497 1224 2693 1273 dilectu
2719 1224 2737 1272 1

1779 1300 1933 1349 Voss.
1963 1303 2011 1349 1.
2045 1299 2191 1349 Leid.
2229 1303 2278 1350 1.
2312 1301 2442 1349 Lov-
2477 1304 2529 1350 1.
2571 1300 2738 1351 Klocl

1780 1382 1840 1425 et
1880 1374 2065 1441 fragm.
2114 1376 2253 1427 Hsv.
2305 1375 2447 1427 Vide
2482 1376 2591 1427 boc
2629 1390 2735 1441 cap

1847 1530 1920 1580 Et
1946 1545 2119 1594 pueros
2142 1546 2321 1596 quoque
2338 1546 2395 1581 oc
2413 1545 2556 1582 senes
2576 1536 2739 1582 exirm

1780 1605 1847 1655 'rb
1867 1612 1917 1656 et
1941 1621 2042 1656 non
2065 1607 2284 1672 adparet
2308 1607 2361 1657 in
2384 1606 2540 1657 Leid.
2559 1608 2739 1658 &Vos

1784 1690 1841 1731 et
1886 1681 2016 1732 Lov.
2067 1686 2114 1732 1.
2191 1684 2326 1733 Tum
2368 1689 2440 1732 ιι·
2458 1699 2597 1734 senes
2628 1685 2739 1736 Ges

1780 1759 2033 1809 Ceterum
2090 1760 2373 1825 Doujetius
2427 1761 2727 1818 existimat,

1786 1835 1923 1885 vium
1959 1835 2179 1886 dicendo
2197 1842 2457 1897 extractos,
2479 1836 2741 1889 indic-sse

1785 1911 2001 1962 eductos
2032 1926 2147 1962 esse
2168 1927 2237 1962 ex
2258 1926 2407 1974 urna,
2427 1914 2482 1962 in
2504 1928 2664 1978 quem
2689 1930 2741 1964 n«

1786 2001 1856 2037 ne
1897 1987 2329 2052 conjiciebantur.
2391 1990 2553 2041 Sorte
2596 1991 2738 2041 enim

1786 2062 2051 2114 delectum
2091 2064 2260 2115 tribus
2304 2066 2461 2117 citari
2512 2075 2571 2118 et
2609 2068 2740 2120 tribu

1788 2140 1854 2190 Id
1877 2140 2083 2192 firmare
2103 2143 2313 2194 videtur
2330 2144 2476 2194 locus
2493 2145 2678 2197 Valet.
2702 2147 2743 2197 Ν.

1787 2230 1869 2267 vr.
1890 2219 1940 2266 8.
1958 2232 2047 2267 ex.
2061 2222 2115 2268 4.
2148 2226 2165 2249 ⁴
2183 2218 2282 2269 Μ’.
2304 2219 2491 2270 Curius
2508 2222 2713 2280 consul,
2734 2241 2743 2270 t

1787 2292 2047 2345 delectum
2074 2296 2252 2346 subito
2282 2297 2492 2347 edicere
2521 2307 2737 2349 coactus

1787 2376 1892 2435 set,
1927 2380 1985 2421 et
2007 2372 2273 2435 juniorum
2296 2387 2449 2422 nemo
2474 2373 2743 2438 respondis

1790 2448 2047 2512 conjectis
2089 2448 2145 2498 in
2178 2456 2371 2500 sortem
2409 2452 2645 2503 omnibus
2684 2454 2745 2504 tri

1789 2524 1901 2582 bus,
1946 2527 2148 2584 Polliae,
2185 2542 2303 2592 quae
2345 2530 2584 2591 proxima
2627 2532 2745 2581 exie

1791 2600 2012 2665 primum
2035 2616 2224 2652 nomen
2247 2618 2377 2653 urna
2398 2612 2695 2657 extractum
2718 2623 2746 2657 c

1793 2676 1838 2725 ri
1850 2677 2009 2740 jussit
2026 2693 2042 2739 ;
2063 2693 2232 2744 neque
2254 2694 2317 2730 eo
2333 2682 2698 2745 respondente.
2712 2684 2745 2734 b

1793 2752 2142 2823 adolescentis
2160 2756 2327 2806 haste
2350 2756 2613 2821 subjecit!
2651 2760 2745 2810 Vel

1791 2843 1895 2879 non
1929 2833 2066 2881 mele
2099 2832 2305 2897 Lipsius
2339 2832 2407 2882 dc
2446 2834 2609 2885 Milit.
2630 2836 2743 2886 Ron

1793 2908 1844 2954 ⁸.
1886 2908 2173 2972 respondit,
2217 2907 2271 2958 id
2307 2907 2381 2959 ibi
2414 2917 2611 2973 preter
2644 2927 2745 2962 mol

1796 2984 1973 3047 paullo
2017 2991 2177 3049 atque
2218 2999 2286 3035 ex
2338 2988 2604 3039 occasione
2648 2986 2745 3038 fect

1795 3074 1942 3111 esse:
1977 3055 2291 3112 ordinarium
2308 3062 2448 3112 enim
2468 3061 2641 3125 fuisse,
2662 3075 2717 3114 ut
2737 3082 2745 3114 ε

1798 3142 1851 3186 te
1873 3136 2188 3187 ducerentur
2222 3139 2405 3196 tribus,
2441 3155 2507 3188 ex
2540 3141 2720 3205 quibus

1795 3212 1967 3262 lectus
1978 3213 2286 3276 baberetur3
2298 3215 2510 3265 tribules
2524 3231 2644 3267 vero
2656 3233 2722 3267 ex
2736 3234 2745 3266 a

1797 3296 1853 3339 te
1876 3290 2047 3341 ductis
2071 3292 2306 3342 tribubus
2330 3293 2658 3357 eligerentur.
2700 3298 2745 3348 Q

1796 3376 1854 3419 et
1866 3370 2064 3433 nescio,
2081 3385 2148 3420 eu
2169 3371 2267 3420 hoc
2281 3376 2517 3437 tempore
2535 3373 2729 3423 sortitio

1796 3445 1951 3495 buum
1959 3446 2068 3511 jem
2092 3447 2398 3497 obtinuerit.
2431 3449 2564 3499 Nam
2579 3455 2745 3515 tamqu

1795 3523 2263 3579 extraordinarium
2282 3522 2504 3575 refertur
2520 3539 2594 3576 ιν.
2607 3531 2684 3577 46.
2704 3529 2745 3576 ⁸]

1795 3600 1989 3650 lectum
2030 3600 2215 3650 baberi
2254 3614 2357 3650 non
2398 3617 2465 3651 ex
2504 3609 2611 3651 toto
2652 3618 2745 3668 pes:

1798 3678 1992 3741 populo
2029 3678 2259 3742 placuit:
2293 3677 2476 3729 decem
2514 3680 2669 3731 tribus
2697 3695 2745 3730 su

1797 3754 1974 3805 ductae
2006 3762 2161 3817 sunt3
2194 3769 2261 3803 ex
2278 3753 2357 3804 liis
2379 3755 2592 3819 scriptos
2605 3755 2745 3819 junio

1796 3831 1900 3880 duo
1931 3830 2123 3882 tribuni
2146 3830 2211 3879 nd
2236 3830 2425 3881 bellum
2450 3832 2671 3883 duxere.'
2730 3833 2745 3882 ]

1798 3907 1902 3955 tius
1934 3906 2113 3970 itaque
2137 3906 2343 3955 videtur
2366 3920 2493 3955 voce
2512 3913 2738 3958 extractos

1796 3982 1978 4047 diceri,
2015 3998 2106 4033 eos
2153 3983 2344 4032 invitos
2381 3984 2562 4035 milites
2601 3986 2745 4051 script

1795 4072 1871 4125 et,
1892 4069 1951 4112 ut
1973 4076 2129 4127 supra
2152 4062 2250 4113 boc
2271 4076 2386 4126 esp.
2410 4061 2559 4123 dixit,
2589 4062 2605 4090 ‘
2626 4077 2743 4114 coac

1794 4137 1953 4188 fuisse
2000 4137 2207 4188 nomine
2246 4137 2416 4187 dare!
2496 4136 2634 4189 Infra
2670 4153 2745 4190 xx

1795 4219 1876 4263 13.
1909 4218 1925 4243 ‘
1946 4215 2059 4265 Nisi
2084 4216 2328 4263 venirent
2352 4214 2406 4263 in
2430 4223 2668 4279 senatum,
2679 4217 2745 4291 gil

1795 4291 1973 4340 domos
2012 4304 2187 4349 eorum
2224 4291 2390 4339 ituros
2424 4306 2497 4353 se,
2523 4292 2640 4340 etin
2662 4293 2745 4355 pul

1794 4382 1910 4417 cum
1933 4381 2112 4418 omnes
2133 4367 2184 4416 vi
2207 4375 2531 4433 extracturos
2547 4370 2692 4435 cased„
2712 4372 2745 4422 17'
