2934 4925
741 418 809 465 T.
857 417 1048 468 mvn
1099 418 1298 468 mer.
1346 418 1496 469 me.
1549 419 1640 469 v1.
1688 422 1854 470 oAP.
1899 406 2005 470 14.

270 574 400 623 rem,
423 559 672 625 frequens
708 563 807 613 es‘t·
871 561 959 612 Ita
981 575 1060 614 lv.
1082 568 1132 613 5.
1164 561 1339 614 ‘diros

268 639 414 689 canit
439 639 663 703 inproba
689 646 878 701 motus,
898 641 970 690 Et
1001 641 1171 703 gliscit
1194 655 1339 704 gres-

267 730 326 764 su
349 714 385 764 :’
412 717 501 766 ubi
523 716 761 780 quaedam
783 717 903 766 olim
922 718 1117 768 notavi.
1150 730 1206 769 x.
1226 721 1341 768 598.

269 793 460 842 ‘Dura
498 793 639 843 inter
677 794 893 857 pavidos
936 795 1092 845 alitur
1130 793 1341 845 fortuna

267 868 520 924 sedendo.
548 871 618 919 Et
650 870 874 931 gliscunt
908 871 1125 920 adversa
1163 869 1337 921 metu!

267 958 374 993 111.
396 949 515 995 402.
564 946 579 973 ‘
595 947 798 996 dextroe
827 946 1081 1010 gliscebat
1101 947 1338 997 coedibns

266 1021 464 1073 ardor.'
501 1037 598 1073 xv.
619 1028 736 1074 580.
767 1023 873 1074 ‘At
909 1025 1096 1085 Roma,
1134 1024 1339 1076 adversi

264 1105 472 1147 tantum
495 1099 627 1148 mala
651 1099 874 1162 gliscere
896 1099 1018 1149 belli
1038 1099 1339 1164 Accipienm

265 1174 540 1238 trepidare
577 1185 726 1229 ‚mein
752 1175 790 1225 :'
845 1183 900 1226 et
944 1178 1088 1228 alibi.
1153 1179 1340 1228 Tacito

260 1249 504 1313 inprimis
532 1251 631 1300 hoc
656 1251 866 1301 verbnm
901 1253 952 1302 in
987 1252 1191 1305 deliciis
1222 1251 1340 1309 fnit,

261 1329 350 1391 qui
391 1326 616 1378 infinitis
654 1327 780 1377 locis
816 1342 879 1378 eo
920 1340 1043 1378 usus
1084 1336 1185 1379 est.
1252 1331 1341 1380 De

261 1416 325 1451 eo
351 1405 508 1466 plura
531 1405 648 1454 vide
672 1406 811 1468 apud
828 1406 1100 1456 Bartbinm
1118 1407 1342 1457 Adverti

260 1493 442 1530 xxxv.
478 1485 565 1533 20.
588 1491 644 1533 et
666 1482 806 1546 apud
836 1483 1121 1534 Burmann.
1144 1484 1208 1534 ad
1236 1484 1341 1534 Va·

260 1557 358 1605 lers
386 1558 566 1607 Flacc.
600 1572 665 1608 ιι.
697 1562 816 1609 278.
882 1561 1012 1612 Mox
1046 1562 1342 1611 menendum

252 1632 473 1691 faciebat
517 1638 702 1698 mcor,
742 1635 1068 1700 transpositis
1101 1638 1340 1701 vocibus,

269 1709 419 1758 Leida.
449 1714 500 1758 1.

326 1788 413 1850 §2
450 1788 571 1839 Noa
608 1790 735 1839 enim
773 1790 881 1851 jam
922 1793 1163 1843 orationes
1204 1795 1339 1843 modo

261 1861 471 1927 Manlii]
508 1865 682 1914 Voces
703 1866 829 1917 enim
844 1867 953 1928 jam
976 1868 1104 1916 male
1130 1869 1332 1931 neglex-

261 1937 301 1986 it
325 1939 574 1990 librarius
598 1941 751 1991 heid·
773 1946 823 1992 2.
851 1943 1009 1992 solam
1034 1957 1213 1992 vocem
1235 1944 1342 2005 jem

264 2014 517 2067 librarius
560 2014 691 2069 Low.
729 2023 782 2069 4.
851 2021 1058 2070 Deinde
1100 2022 1342 2071 oratioue

264 2097 591 2144 tantummodo
633 2095 786 2146 Harl.
805 2100 857 2147 2.
902 2097 1056 2146 Port.
1101 2097 1241 2147 Hav-
1283 2104 1340 2149 et

266 2168 488 2219 Hearnii
512 2171 688 2221 Oxon.
708 2173 773 2223 B.
813 2175 1053 2227 orationes
1074 2175 1209 2223 modo
1229 2179 1339 2225 tan·

265 2251 364 2296 tum
385 2248 519 2297 Lov.
543 2255 593 2298 5.
615 2265 731 2313 qnae
756 2251 1011 2303 lectiones
1046 2251 1233 2301 iterum
1272 2266 1337 2302 ex

265 2325 498 2387 margine
537 2325 776 2376 infaustis
814 2327 995 2377 avibus
1034 2328 1087 2376 in
1123 2337 1338 2378 contex-

264 2407 370 2451 tum
389 2400 605 2452 fuerunt
625 2410 874 2469 receptae.
943 2405 1082 2454 Nam
1101 2407 1238 2454 modo
1256 2405 1338 2455 bic

263 2480 475 2541 ponitur
498 2473 593 2543 pro
615 2481 630 2507 ‘
651 2481 1049 2533 tantummodo!
1113 2483 1249 2533 Vide
1270 2483 1336 2533 ad

261 2567 348 2604 ιιι.
387 2560 473 2605 53.
516 2559 545 2621 §
572 2562 623 2605 5¹·
690 2558 812 2607 Pari
840 2559 992 2609 modo
1018 2558 1070 2608 in
1095 2573 1197 2609 nno
1219 2560 1335 2611 cod.

265 2631 481 2681 Sallust.
515 2636 854 2691 tantummodo,
890 2648 985 2697 pro
1012 2638 1222 2696 tamna,
1248 2636 1338 2685 dae

262 2717 371 2757 tum
413 2722 528 2758 esse
568 2716 798 2760 testatur
840 2712 1045 2761 Cortins
1090 2712 1157 2762 ad
1212 2713 1337 2764 Sall.

260 2784 386 2848 Jng.
426 2800 475 2835 c.
498 2791 583 2838 26.
622 2790 651 2852 ξ
675 2791 725 2836 1.
796 2787 1064 2838 Praeterea
1088 2790 1166 2841 Μ.
1187 2790 1338 2840 Man-

261 2861 341 2921 lii,
388 2863 470 2910 vel
527 2863 605 2911 Μ.
650 2864 838 2923 Malui,
886 2864 968 2914 vel
1013 2866 1091 2915 Μ.
1136 2866 1340 2916 Manilii

262 2938 419 2989 Voss.
447 2940 619 3001 ambo,
659 2940 807 2989 Leid-
831 2941 1004 3002 ambo,
1044 2943 1171 2992 ιον.
1209 2947 1253 2993 1.
1285 2948 1337 2993 2.

260 3019 308 3064 3.
332 3021 383 3065 4.
421 3016 576 3066 Harl.
618 3021 663 3066 1.
702 3018 925 3068 Gaertn.
959 3017 1145 3082 fragm.
1194 3020 1334 3070 Har.

259 3091 483 3142 Haemii
507 3092 681 3142 Oxou.
704 3094 768 3143 L.
788 3098 839 3143 2.
865 3102 921 3144 et
954 3094 1015 3144 C.
1051 3109 1335 3160 omnesque

261 3167 382 3218 edd.
404 3182 570 3232 usqne
603 3167 669 3217 ad
702 3169 936 3219 ultimam
961 3169 1194 3233 Gruteri,
1217 3163 1334 3236 (111ae

260 3259 565 3309 proenomen
596 3245 792 3294 Marcus
820 3246 1014 3310 omisit,
1039 3247 1175 3310 quod
1203 3255 1258 3297 et
1282 3248 1334 3297 iu

260 3322 472 3386 reliquis
492 3321 706 3384 scriptis
726 3321 910 3372 deest:
953 3323 1040 3371 nbi
1072 3323 1338 3387 intercep··

261 3405 490 3452 tumffest
525 3411 556 3446 a
590 3397 760 3461 prima
793 3399 945 3448 litera
968 3399 1111 3448 vocis
1141 3414 1255 3464 seq.
1280 3408 1337 3450 ut

258 3477 373 3525 aliis
394 3475 527 3525 locis
548 3488 693 3538 soepe
714 3473 934 3525 factum·
985 3473 1124 3526 vide
1150 3474 1215 3525 ad
1242 3489 1336 3526 ιι..

263 3556 345 3602 84.
364 3554 394 3617 ς
413 3557 463 3602 1.
528 3554 593 3602 In
617 3554 850 3604 Grutero
873 3561 1048 3603 antem
1072 3553 1124 3604 id
1149 3568 1336 3618 opera-

261 3641 375 3679 rnm
396 3631 888 3694 typograpliicarnm
903 3631 1237 3694 neglegentia
1250 3646 1336 3682 ac·

262 3706 453 3756 cidisse
478 3705 704 3762 videtur,
725 3721 881 3772 quem
915 3721 1144 3757 errorem
1183 3723 1335 3759 nemo

262 3782 615 3832 recentiorum
640 3782 1029 3836 animadvertit.
1064 3784 1220 3836 Quod
1243 3799 1336 3835 ex·

263 3858 486 3919 ciderat‚
507 3860 622 3908 loco
656 3860 883 3910 restitui»

335 3937 487 3986 Facta
505 3937 754 4001 popularia
774 3937 827 3987 in
859 3938 1077 4000 speciem,
1105 3941 1338 3989 tumultu·

262 4027 347 4062 m
378 4016 561 4074 eodem,
584 4029 676 4077 que
710 4019 865 4065 mente
882 4014 1086 4079 fierent,
1108 4015 1337 4066 intuendo

264 4089 428 4152 creat]
458 4090 549 4139 Sic
570 4091 783 4155 quidem
814 4105 995 4141 omnes
1025 4091 1166 4142 libri.
1229 4091 1335 4142 Sed

267 4166 599 4215 scribendum
624 4168 832 4217 videtur
858 4167 1085 4217 intuentia
1152 4167 1336 4217 Manlii

268 4254 369 4291 nou
402 4241 558 4291 modo
591 4243 874 4306 orationes,
898 4243 994 4292 sed
1023 4251 1078 4292 et
1099 4244 1338 4292 actiones

268 4326 417 4369 erant
463 4317 634 4381 p'rima
683 4317 861 4371 fronte
903 4319 1199 4384 populares,
1239 4317 1337 4371 sed

2308 408 2486 476 7925

1415 563 1784 629 consideranti,
1803 581 1904 630 qno
1921 565 2138 616 consilio
2154 567 2360 632 fierent,
2375 579 2482 621 om‘-

1414 641 1539 690 nino
1579 641 1856 693 seditiosae.
1889 645 1946 692 J.
1985 644 2047 693 F.
2088 646 2242 694 Gmn.
2312 646 2482 695 Etiam

1414 730 1596 767 omnes
1619 717 1770 770 codd.
1803 719 1902 768 mei
1939 719 1990 768 in
2019 720 2277 782 vulgatam
2301 722 2483 772 lectio·

1414 805 1534 842 nem
1571 795 1896 857 conspirant,
1932 796 2027 845 nisi
2061 798 2195 861 quod
2235 802 2486 850 metuenda

1413 874 1552 919 eram
1573 868 1857 933 praefcrant
1879 872 2031 921 Voss.
2055 877 2106 925 2.
2132 874 2260 924 Lov.
2283 879 2333 924 3.
2352 876 2483 926 etin

1414 946 1647 1009 margine
1671 946 1888 998 Hearnii
1910 948 2084 998 Oxou.
2106 950 2179 1000 N.
2204 949 2303 999 .At
2325 951 2480 1002 libra·

1414 1023 1606 1073 riorum
1638 1024 1800 1074 menti
1836 1039 1900 1074 ea
1924 1035 2025 1074 vox
2049 1025 2217 1075 adbuc
2238 1027 2484 1079 obversa-1

1416 1097 1591 1161 batur,
1609 1102 1745 1163 qnod
1770 1101 1922 1152 modo
1947 1112 2308 1166 precesserat.
2344 1106 2480 1157 Gro-

1413 1175 1571 1225 novio
1591 1176 1800 1226 intuenti
1822 1178 2158 1229 substituenti
2184 1180 2483 1244 obloquitur

1415 1250 1680 1315 interpres
1752 1252 2116 1317 Delphinicus,
2178 1256 2482 1307 existimans

1416 1328 1551 1377 Livii
1575 1334 1799 1379 mentem
1823 1342 1955 1386 esse,
1977 1330 2221 1381 dictatori
2252 1345 2352 1381 non
2367 1332 2481 1395 jam

1415 1405 1676 1456 orationes
1699 1406 1852 1457 modo
1878 1406 2086 1468 Manlii,
2107 1407 2200 1457 sed
2232 1406 2376 1458 facta
2404 1408 2485 1457 in·

1414 1482 1680 1546 spicienda
1719 1481 1904 1547 fnisse,
1944 1490 2006 1534 nt
2046 1498 2237 1547 nempe
2278 1482 2485 1535 obviam

1415 1558 1518 1609 iret
1535 1557 1801 1621 seditioni,
1819 1559 1862 1607 si
1880 1573 1993 1623 quae
2011 1567 2324 1610 moveretur.
2360 1561 2485 1610 Non

1414 1640 1590 1685 tamen
1626 1634 1806 1693 efficit,
1830 1645 1886 1686 ut
1919 1650 1950 1685 a
1989 1636 2099 1685 viro
2137 1635 2484 1687 subactissimi

1403 1711 1593 1776 judicii
1645 1712 1732 1761 hic
1784 1711 2023 1762 diversus
2077 1711 2283 1763 abeam.
2364 1713 2484 1765 Nisi

1413 1790 1553 1840 enim
1583 1790 1893 1854 conjectura
1925 1790 2035 1852 ejus
2068 1790 2372 1853 recipiatur,
2396 1791 2485 1841 vix

1414 1875 1543 1929 apte
1567 1867 1724 1916 verba
1748 1866 1882 1916 Livii
1905 1868 2189 1917 colioerent.
2246 1867 2367 1918 Non
2388 1867 2483 1918 ad-

1414 1943 1587 1993 tendit
1614 1942 1749 2006 Donj
1759 1942 1889 1992 atius
1913 1942 1977 1991 ad
2003 1942 2316 2006 particulam
2339 1942 2483 2000 enim,

1414 2033 1517 2084 qna
1541 2020 1715 2069 Livins
1738 2018 1993 2069 rationem
2024 2019 2224 2084 reddit,
2246 2035 2340 2069 cur
2360 2021 2482 2070 soli·

1413 2100 1470 2146 to
1486 2097 1647 2158 magis
1665 2096 1978 2146 seditionem
1992 2097 2320 2146 metuendam
2335 2097 2485 2147 Man-

1412 2172 1513 2221 lins
1536 2171 1783 2223 faciebat·
1847 2174 1927 2223 Ea
1949 2174 2086 2222 enim
2109 2188 2213 2223 non
2238 2180 2338 2234 est,
2361 2175 2487 2236 qnia

1412 2247 1660 2298 dictatori
1684 2248 2014 2312 inspicienda
2044 2258 2198 2298 erant
2228 2246 2341 2313 ejus
2373 2248 2484 2300 fac·

1414 2332 1500 2385 ta;
1535 2325 1576 2374 si
1600 2325 1736 2375 enim
1760 2325 1883 2376 inde
1908 2333 2076 2375 motus
2099 2325 2369 2376 seditionis
2391 2326 2483 2376 de·

1413 2403 1681 2455 ducendus
1720 2411 1877 2464 esset,
1914 2408 1959 2455 is
1998 2406 2186 2456 evitari
2222 2406 2485 2471 potuisset

1412 2495 1516 2531 non
1539 2482 1898 2548 inspiciendo:
1933 2484 2026 2534 sed
2058 2484 2178 2534 ideo
2208 2484 2482 2538 seditionis

1411 2567 1582 2609 metus
1600 2560 1651 2608 in
1675 2559 1786 2609 dies
1808 2560 2085 2624 gliscebat,
2098 2562 2240 2625 quia,
2254 2561 2492 2624 quietum

1411 2651 1512 2701 que
1531 2638 1793 2688 orationes
1813 2638 1928 2702 ejus
1947 2646 2003 2686 et
2019 2636 2162 2689 facta
2180 2638 2232 2687 in
2251 2639 2481 2701 speciem

1412 2713 1688 2777 popularia
1725 2714 2026 2775 inspiceret,
2057 2721 2116 2764 et
2151 2713 2483 2770 adtenderet,

1412 2804 1513 2855 qua
1537 2797 1712 2840 mente
1739 2790 1985 2853 qnaelibet
2006 2789 2071 2839 ab
2092 2805 2156 2840 eo
2177 2788 2385 2849 fierent,
2406 2789 2482 2838 fa·

1413 2867 1515 2916 cile
1539 2867 1988 2930 deprehendebat,
2014 2866 2198 2916 eadem
2237 2868 2481 2918 tumultu-

1413 2958 1505 2995 osa
1525 2958 1657 2994 esse·
1722 2943 1969 2993 Ceterum
1992 2942 2211 3006 obponit
2233 2942 2318 2991 bic
2339 2944 2482 2993 Livi·

1411 3029 1476 3071 ns
1498 3020 1514 3048 ‘
1535 3021 1759 3085 speciem
1782 3029 1956 3069 rernm
1975 3023 1990 3045 ⁹
2014 3019 2124 3067 sive
2148 3012 2485 3082 maternum,

1412 3098 1509 3148 snb
1527 3113 1629 3163 quo
1644 3112 1770 3148 vera
1793 3110 1962 3146 rerum
1986 3094 2150 3145 facies
2167 3096 2479 3154 occultatur»,

1414 3181 1570 3239 atqne
1592 3175 1757 3239 ipsam
1791 3187 1901 3223 rem
1932 3173 2042 3222 sive
2077 3179 2357 3237 ‘mentem‚
2378 3187 2483 3237 qua

1413 3250 1498 3300 res
1520 3250 1719 3301 tiebat!
1786 3250 1876 3299 Ita
1907 3249 2031 3299 alibi
2062 3263 2204 3312 saepe
2239 3248 2255 3276 ⁶
2275 3249 2480 3313 species

1411 3328 1489 3376 rei
1505 3326 1520 3350 '
1541 3316 1600 3376 ct
1629 3328 1645 3355 ‘
1667 3341 1749 3377 res
1772 3324 1917 3390 ipsa'
1938 3325 2128 3390 obponi
2151 3325 2339 3374 solent.
2391 3326 2481 3375 In-

1413 3401 1497 3452 fra
1517 3416 1730 3454 xxxix.
1754 3407 1835 3453 ³5.
1868 3402 1884 3431 ‘
1903 3403 2012 3452 Per
2047 3402 2273 3466 speciem
2296 3403 2483 3466 curtilii

1412 3478 1684 3543 Byzantiis
1724 3476 1946 3534 ferendi,
1985 3492 2044 3526 re
2077 3478 2191 3541 ipsa
2224 3476 2289 3526 ad
2315 3485 2480 3527 terro-

1410 3570 1522 3605 rem
1579 3556 1775 3618 regulis
1826 3555 2082 3603 Thracum
2138 3552 2481 3615 injiciendum

1414 3629 1685 3695 profectus
1702 3630 1736 3677 ε’
1784 3629 1874 3679 nbi
1917 3629 2020 3677 alia
2062 3628 2305 3689 exempla
2344 3627 2480 3677 vide.

1412 3708 1687 3757 Praeterea
1722 3708 1775 3756 ia
1811 3706 1965 3768 specie
2000 3705 2288 3753 tumultuose
2320 3707 2482 3754 eodem

1413 3783 1543 3833 Lov.
1560 3789 1611 3834 2.
1677 3783 1840 3833 Male.
1909 3781 2048 3830 Vide
2071 3780 2135 3829 ad
2160 3793 2251 3829 ιιι.
2271 3784 2355 3831 40.
2379 3779 2407 3845 §
2430 3785 2482 3829 7.

1336 3903 1342 3908 .
1411 3859 1463 3909 in
1485 3859 1685 3923 speciem
1714 3858 2048 3907 tumultuosam
2081 3856 2240 3905 eadem
2275 3856 2404 3905 Lov.
2431 3860 2481 3906 3.

1412 3937 1639 3987 Gaertn.
1672 3941 1733 3985 et
1764 3933 1951 3997 fragm.
1988 3932 2126 3983 Hav.
2162 3925 2368 3998 'Atque
2403 3936 2481 3986 ita

1412 4013 1571 4062 etiam
1631 4011 2050 4061 Mediolanenses
2106 4014 2250 4059 1505.
2300 4010 2479 4061 edide-

1412 4096 1553 4145 runt,
1589 4103 1718 4152 quos
1742 4087 2019 4137 Ascensins
2057 4090 2204 4137 1518.
2238 4093 2295 4137 et
2328 4092 2479 4140 1516.

1413 4181 1476 4216 ac
1501 4164 1726 4215 Parisini
1751 4167 1898 4214 1529.
1922 4163 2110 4212 imitati
2132 4171 2268 4214 snut.

1477 4243 1506 4305 ς
1540 4245 1571 4291 3
1615 4240 1999 4304 Vociferaturque
2024 4241 2089 4289 de
2124 4239 2345 4302 superbia
2376 4239 2479 4289 Pa·

1412 4324 1560 4378 num,
1581 4332 1638 4368 ac
1668 4317 1951 4369 crudelitate
1974 4314 2344 4379 soeaaeratorum]
2385 4315 2483 4366 ΥΦ.
