2934 4925
696 407 765 455 ·r.
812 405 1001 456 mvn
1052 403 1251 456 Ηιετ.
1299 405 1449 456 mn.
1504 408 1604 457 νι.
1652 410 1820 462 car.
1866 397 1973 464 12.

238 550 502 606 Kloekisn.
533 547 1006 603 &ammonam—tt
1038 548 1178 602 Hav.
1212 549 1288 600 in·

236 630 400 681 dietum
418 629 580 680 induci
597 629 814 678 audieral
832 625 954 677 edd.
975 628 1125 684 Rom.
1140 630 1289 677 1472.

236 713 286 757 et
314 707 479 756 Parm.
525 705 688 755 induci
723 704 954 754 indictum
987 704 1197 753 audierit
1227 702 1286 753 iis

235 782 471 846 proximae
500 781 721 831 Mediol.
745 784 892 830 1480.
914 786 1135 843 utraque
1156 777 1286 828 Tar·

239 857 322 906 vis.
339 864 393 907 et
414 855 552 906 aliae.
611 856 858 907 Quamvis
882 863 1057 905 autem
1082 854 1289 904 interim

236 933 641 985 Mediolanenses
683 936 830 983 1505.
883 931 944 981 τὸ
986 931 1153 981 induci
1199 946 1291 981 ex·

234 1011 522 1075 punxerint,
577 1025 681 1060 non
735 1011 1049 1060 invenerunt
1096 1017 1292 1073 tamen,

234 1089 312 1153 qui
334 1098 476 1138 recte
500 1095 799 1153 praeeuntes
831 1095 1177 1152 sequerentur
1199 1101 1290 1136 an·

235 1172 284 1216 te
314 1164 638 1226 Frobenium‚
673 1165 759 1229 qui
794 1178 842 1214 a.
875 1167 1020 1214 1535.
1051 1164 1290 1214 similiter

236 1255 336 1291 eam
360 1256 535 1291 vocem
563 1241 751 1291 omisit.
819 1241 944 1304 Ejus
977 1246 1153 1290 autem
1187 1240 1290 1290 lec·

233 1317 373 1367 tionis
401 1326 652 1370 auctores
690 1316 918 1367 indicare
955 1317 1179 1366 voluisse
1214 1315 1290 1365 vi·

234 1392 428 1454 dentur,
465 1394 516 1442 in
563 1394 679 1444 aliis
724 1409 780 1444 se
827 1392 982 1443 codd.
1026 1393 1292 1454 inductum,

235 1469 359 1532 quod
390 1470 440 1519 in
468 1469 671 1520 duobus
699 1485 929 1521 meorum
952 1478 1215 1533 superest,
1239 1469 1291 1518 iu

231 1548 328 1597 siiis
357 1549 591 1601 indictum
626 1550 901 1614 reperisse.
986 1550 1169 1600 Solent
1201 1564 1293 1598 au-

232 1629 327 1676 tem
344 1626 597 1676 vocabula
615 1628 631 1656 ⁸
650 1623 917 1677 inductus’
933 1634 989 1675 et
1006 1625 1022 1653 ‘
1038 1623 1293 1676 indictus*

234 1702 524 1752 commutari
568 1702 622 1751 in
665 1703 796 1752 Mss.
864 1701 1004 1752 Vide
1029 1702 1095 1752 ad
1129 1716 1185 1752 x.
1209 1705 1291 1754 88.

235 1778 325 1841 §⁴-
386 1780 470 1828 De
497 1778 760 1832 locutione
795 1778 812 1806 ⁴
835 1778 1067 1829 indicere
1090 1779 1290 1829 exerci-

234 1854 361 1906 tum'
392 1855 508 1905 vide
547 1857 618 1905 ad
650 1870 742 1907 ιιι..
769 1859 852 1906 41.
886 1857 985 1920 65.
1052 1856 1292 1920 Denique

236 1946 325 1984 vox
347 1934 507 1998 pergit
528 1949 635 1983 nou
660 1941 929 1998 comparet
953 1933 1004 1982 in
1029 1932 1177 1983 Leid.
1196 1937 1243 1983 1.

249 2039 254 2048 ·
290 2011 317 2074 θ
338 2013 385 2066 2,
403 2011 601 2059 Praeter
626 2010 896 2061 satietatem
930 2014 1002 2059 tot
1019 2010 1129 2071 jam
1158 2009 1293 2058 libris

233 2086 403 2136 assidue
425 2086 549 2137 bellu
574 2102 689 2137 cum
719 2086 900 2137 Volscis
922 2091 1066 2149 gesta
1093 2086 1292 2149 legenti·

234 2161 332 2226 bus]
366 2163 631 2214 Sincerior
653 2171 710 2213 et
743 2164 950 2229 antiqua
980 2163 1142 2213 lectio
1173 2163 1293 2212 assi·

235 2239 319 2287 dna
362 2239 481 2289 bella
534 2255 645 2289 cum
697 2240 878 2290 Volscis
912 2244 1074 2301 gesta.
1125 2239 1292 2288 Rben.

234 2314 453 2365 Rhenani
475 2316 694 2366 lectioni
717 2316 1050 2365 consentiunt
1075 2329 1140 2366 ex
1162 2315 1291 2365 meis

235 2390 359 2444 Flor.
423 2393 551 2443 Lov.
575 2396 628 2441 2.
666 2399 722 2441 et
754 2391 903 2441 Leid.
933 2396 978 2441 1.
1019 2391 1116 2442 nisi
1155 2389 1291 2456 quod

236 2481 396 2518 eorum
417 2470 631 2519 ultimus
649 2484 922 2533 perperam
943 2469 1085 2532 legat
1100 2468 1294 2518 assidua

235 2544 439 2597 hactum
460 2547 665 2599 Volscis.
714 2546 899 2596 Prisca
919 2545 1083 2596 lectio
1102 2545 1295 2595 assidue

236 2619 342 2671 bella
378 2639 482 2673 cuns
526 2622 713 2674 Volscis
756 2630 995 2686 superest
1043 2622 1095 2671 in
1135 2622 1293 2671 Voss.

236 2707 463 2763 utroque,
508 2698 662 2748 Leid.
705 2704 755 2748 2.
811 2699 940 2748 LoV.
986 2701 1034 2747 1.
1068 2702 1117 2748 8.
1154 2702 1206 2748 4.
1246 2704 1295 2747 5.

238 2775 441 2832 Gaertn.
463 2780 619 2832 Port.
638 2780 775 2830 Hav.
791 2778 1008 2829 Hearnii
1026 2778 1295 2828 Oxonieu·

236 2854 363 2904 sibus
389 2857 445 2905 L.
463 2859 512 2905 2.
534 2858 604 2907 Β.
625 2857 685 2907 C.
707 2862 764 2906 et
784 2858 914 2908 Exc.
933 2855 1143 2907 Pithoei.
1201 2855 1296 2905 As·

235 2929 372 2980 siduoe
393 2932 511 2982 bella
529 2949 641 2983 cum
671 2933 856 2984 Volscis
890 2931 1049 2981 babet
1074 2932 1223 2982 Harl.
1245 2935 1295 2981 2.

236 3008 426 3057 ossiduae
461 3009 690 3059 bellatum
724 3024 832 3059 cum
861 3009 1043 3059 Volscis
1077 3008 1227 3058 Harl.
1250 3012 1297 3059 1.

235 3082 406 3133 cnidus
445 3084 677 3134 bellatum
714 3083 893 3134 Volscis
937 3083 1122 3147 fragm.
1159 3084 1299 3133 Hav.

238 3158 430 3210 Deinde
478 3177 589 3211 cum
632 3161 817 3211 Volscis
864 3166 1006 3223 gesta
1057 3160 1300 3224 gentibus,

238 3236 385 3297 priori
406 3237 607 3300 syllaba
631 3237 825 3287 uitimae
850 3237 991 3287 vocis
1016 3238 1149 3287 maie
1174 3253 1296 3301 ueg-

237 3309 382 3376 lects,
402 3314 551 3363 Leid.
577 3318 630 3364 2.
666 3322 723 3364 et
758 3315 884 3363 Lov.
907 3318 956 3363 1.
1024 3314 1301 3364 Praeterea

232 3395 398 3450 preter
417 3380 690 3442 soiielatem
714 3395 785 3441 tol
805 3391 916 3453 jam
954 3391 1133 3441 laboris
1161 3392 1298 3446 Hav.

235 3465 491 3518 societatem
548 3469 710 3518 etiam
763 3469 891 3518 Lov.
927 3473 975 3517 5.
1029 3483 1062 3517 a
1099 3483 1167 3518 m.
1217 3483 1299 3532 pr.

238 3538 355 3591 Mox
389 3544 440 3593 in
478 3545 653 3594 verbis
693 3558 841 3610 seqq.
875 3560 1167 3611 succursum,
1203 3560 1299 3610 pro

237 3631 568 3678 succursurum,
590 3621 741 3671 Harl.
763 3626 809 3670 1.
832 3628 889 3671 et
907 3623 1058 3673 Port.
1076 3637 1109 3672 a
1132 3639 1199 3672 m.
1221 3637 1299 3686 pr.

299 3696 424 3747 Mihi
453 3698 752 3762 percensenti
789 3699 1036 3762 propiores
1077 3699 1301 3762 tempori·

242 3769 316 3819 bus
339 3773 503 3824 harum
524 3790 688 3824 rerum
705 3776 946 3838 auctores]
979 3774 1044 3824 Τὸ
1067 3776 1186 3826 mihi
1208 3775 1300 3825 de·

243 3844 345 3896 ficit
364 3850 413 3898 iu
437 3850 662 3902 Gaertn.
729 3851 872 3901 Hinc
894 3854 1190 3915 precementi
1213 3853 1299 3903 ha·

244 3918 329 3973 bet
344 3924 490 3977 Leid.
503 3931 556 3977 2.
574 3929 890 3990 praecensenti
907 3928 1056 3977 Harl.
1075 3932 1125 3978 2.
1164 3928 1300 3978 Vide

243 3996 303 4045 ad
332 4012 411 4050 tx.
434 4006 517 4052 10.
550 4007 653 4069 §⁷.
720 4005 851 4053 Tum
880 4005 1154 4068 propriores
1184 4011 1300 4055 tem·

239 4074 419 4134 poribus
450 4080 592 4129 Fior.
621 4087 680 4129 et
703 4081 834 4131 LoV.
859 4085 906 4131 1.
962 4080 1097 4130 Vide
1121 4080 1188 4129 ad
1214 4082 1300 4133 Li·

245 4149 308 4198 vii
329 4164 404 4202 iv.
431 4157 508 4203 17.
532 4157 560 4219 §
581 4161 633 4204 5.
666 4156 844 4220 prioris
867 4158 1089 4222 temporis
1108 4159 1300 4209 Lowd.

235 4229 292 4275 5.
310 4226 453 4279 Harl.
474 4234 524 4280 2.
551 4231 701 4283 Port·
721 4241 777 4282 et
801 4232 941 4284 Hav.
973 4235 1162 4298 priores
1177 4240 1300 4285 tens·

244 4305 419 4365 poribus
451 4307 604 4359 Voss.
649 4313 693 4358 1.
727 4324 826 4373 pro
871 4311 1013 4362 varia
1051 4312 1299 4369 lectione,

367 4387 537 4452 Delph.
553 4395 599 4440 el
624 4390 746 4445 Var.
769 4391 903 4443 Clas.

1249 4393 1439 4444 Livius.

2257 403 2433 471 7⁹13

1365 547 1517 601 Leid.
1552 553 1602 614 1.
1645 555 1925 608 Kiockian.
1969 561 2025 608 et
2063 557 2258 623 fragm.
2293 557 2432 610 Hav-

1363 641 1396 676 a
1416 642 1486 676 m.
1509 643 1591 692 pr.
1655 630 1856 695 Saepius
1883 633 1955 683 ita
1986 635 2190 685 variant
2214 635 2433 688 librarii.

1364 703 1504 754 Vide
1541 705 1607 756 ad
1643 720 1697 757 v.
1721 712 1800 758 15.
1821 711 1849 772 §
1872 712 1922 759 4.
1988 710 2096 761 Hic
2118 712 2244 761 nihii
2269 720 2432 762 muto.

1365 780 1547 836 Livius
1580 795 1715 836 xxv.
1756 789 1834 836 11.
1866 787 1882 815 ⁸
1908 786 2100 837 Plures
2141 788 2435 851 propiores-

1364 873 1467 925 que
1504 865 1663 910 setate
1698 863 1960 912 memoriae
1993 877 2164 914 rerum
2205 864 2307 914 hoc
2343 879 2433 914 sn—

1364 946 1431 983 no
1452 934 1669 985 tradunt
1688 935 1925 988 factum!
1977 952 2139 990 xxix.
2163 943 2242 990 14.
2264 942 2280 970 ‘
2302 941 2434 991 Pro·

1363 1010 1531 1062 ditum
1570 1027 1601 1062 a
1640 1015 1889 1078 proximis
1930 1019 2190 1069 memorioe
2232 1025 2433 1082 tempo·

1363 1101 1476 1140 rum
1512 1089 1715 1140 iliorum
1742 1092 2086 1156 scriptoribus
2121 1095 2286 1145 libens
2316 1110 2434 1159 pos·

1364 1165 1495 1215 teris
1522 1165 1823 1219 traderem.’
1877 1169 1952 1218 Ut
1975 1177 2145 1220 autem
2168 1171 2254 1221 bic
2280 1178 2296 1202 ⁶
2316 1185 2434 1237 pro-

1366 1240 1482 1304 pior
1521 1245 1842 1307 temporibus
1882 1246 2063 1297 barum
2105 1261 2278 1298 rernm
2313 1262 2435 1300 auc·

1365 1316 1486 1375 tor,'
1511 1318 1586 1368 ita
1608 1320 1624 1348 ‘
1640 1322 1857 1385 aequaiis
1877 1323 2199 1387 temporibus
2220 1325 2437 1390 hujusce

1365 1393 1491 1446 beni
1517 1401 1702 1445 auctor
1721 1394 1736 1415 '
1759 1403 1967 1448 xxii-7.
1988 1400 2004 1428 ‘
2027 1400 2243 1450 Fabium
2268 1416 2438 1466 aequa-

1366 1471 1467 1520 iem
1494 1473 1814 1536 temporibus
1845 1476 2059 1540 hujusce
2083 1476 2207 1528 belii
2232 1479 2439 1542 potissi·

1366 1560 1504 1597 minin
1531 1556 1795 1600 auctorem
1818 1550 2007 1601 habui!

1441 1625 1582 1676 Unde
1616 1625 1764 1676 toties
1797 1626 1943 1676 victis
1972 1627 2152 1678 Volscis
2186 1634 2235 1678 et
2266 1630 2442 1694 AEquis

1363 1699 1646 1765 suffecerint
1675 1702 1876 1765 milites]
1913 1705 2069 1755 Victis
2097 1712 2148 1756 et
2176 1706 2358 1756 Volscis
2386 1712 2442 1760 et

1366 1777 1544 1839 AEquis
1587 1777 1725 1829 Hav.
1783 1778 1931 1828 victis
1982 1781 2172 1844 AEquis,
2223 1782 2439 1845 reliquis

1368 1853 1645 1916 neglectis,
1667 1854 1818 1904 Voss.
1842 1858 1886 1904 l.
1908 1861 1966 1904 et
1990 1857 2132 1906 Leid.
2148 1861 2198 1907 2.
2217 1871 2438 1922 quorum

1368 1930 1632 1993 posterior
1654 1931 1814 1979 etiam
1842 1931 2150 1996 suffecerunt.
2222 1933 2372 1982 Victis
2393 1938 2441 1982 et

1367 2007 1545 2071 AEquis
1582 2008 1712 2058 Lov.
1731 2012 1778 2058 1.
1810 2008 1952 2059 victis
1974 2010 2149 2073 AEquis
2176 2014 2228 2060 et
2257 2010 2439 2061 Volscis

1367 2084 1500 2138 Lov.
1523 2088 1574 2135 2.

1434 2163 1518 2225 §8
1556 2162 1699 2218 Quod
1737 2176 1878 2227 quum
1907 2161 1966 2212 ab
1996 2164 2211 2228 antiquis
2238 2163 2442 2215 socium

1361 2238 1829 2302 pretermissumqus
1871 2238 1963 2302 sit]
2013 2241 2154 2296 Quod
2195 2255 2339 2304 quum
2380 2240 2442 2292 ab

1366 2314 1582 2377 antiquis
1641 2317 2022 2378 pretermissum
2073 2317 2141 2366 sil
2196 2316 2351 2366 Harl.
2394 2321 2441 2365 1.

1365 2394 1492 2454 quod
1513 2406 1658 2455 qum
1685 2391 1747 2441 ub
1778 2392 1991 2455 antiquis
2013 2392 2212 2442 locitans
2238 2397 2441 2456 preter·

1365 2468 1564 2519 missum
1605 2469 1672 2519 sis
1712 2469 1858 2519 Leid.
1901 2474 1947 2519 1.
1990 2470 2130 2519 Hav.
2165 2476 2218 2520 et
2252 2469 2441 2534 fragm.

1369 2547 1509 2599 Hav.
1533 2563 1564 2597 a
1587 2563 1655 2598 m.
1678 2561 1759 2611 pr.
1782 2547 1921 2611 quod
1956 2545 2125 2597 ferme
2161 2548 2443 2611 genuinum

1369 2635 1509 2689 puto.
1564 2622 1817 2675 Similiter
1840 2623 1954 2673 fere
1972 2623 2084 2676 Cic.
2105 2623 2171 2673 ad
2191 2624 2334 2673 Fam.
2355 2637 2444 2673 ιιι.

1367 2707 1418 2755 8.
1449 2703 1466 2731 ‘
1490 2703 1677 2764 Prima·
1710 2700 1813 2751 duo
1850 2701 2034 2764 capita
2064 2701 2300 2764 epistoioe
2337 2706 2442 2750 tun

1371 2780 1532 2830 tacita
1555 2779 1680 2828 mibi
1703 2776 2080 2842 quodammodo
2104 2775 2445 2839 relinquenda

1369 2855 1530 2907 sunt.'
1581 2855 1672 2917 Et,
1688 2860 1748 2904 ut
1770 2856 1868 2903 hoc
1893 2854 2012 2903 ioco
2033 2854 2050 2881 ⁴
2071 2853 2285 2903 tacitum
2309 2866 2443 2915 prae·

1371 2928 1714 2991 termittere3’
1742 2930 1817 2981 ita
1840 2937 1856 2960 ‘
1877 2928 2094 2979 tacitum
2118 2927 2284 2978 ferre'
2304 2942 2346 2981 ι.
2359 2933 2444 2979 50.

1370 3009 1387 3037 ‘
1407 3010 1494 3060 Ne
1520 3007 1571 3057 id
1599 3006 1806 3071 quidem
1826 3007 1893 3057 ab
1910 3009 2083 3057 Turno
2107 3007 2289 3055 tulisse
2314 3005 2445 3056 taci-

1372 3090 1483 3134 tum
1527 3083 1758 3134 feruntz'
1790 3084 1880 3133 ubi
1917 3083 2039 3133 vide
2070 3082 2127 3134 J.
2153 3083 2213 3131 F.
2235 3082 2443 3133 Grono-

1373 3162 1528 3212 vium.
1596 3160 1681 3211 An
1702 3161 1824 3211 aiibi
1860 3160 2081 3210 inveniri
2123 3159 2291 3223 possit
2324 3161 2341 3188 ‘
2367 3166 2444 3209 ta·

1373 3239 1535 3289 citum
1560 3245 1642 3287 est
1678 3236 1744 3287 ab
1767 3235 2034 3301 antiquis,'
2068 3235 2171 3285 iilis
2196 3233 2445 3298 indagan-

1372 3315 1496 3366 dum
1531 3315 1785 3380 relinquo,
1806 3315 1892 3379 qui
1917 3314 2182 3376 vulgatum
2208 3313 2447 3375 probant.

1373 3393 1389 3422 ‘
1413 3393 1630 3444 'faceri’
1679 3385 1927 3444 absolute
1961 3398 2042 3441 est
2082 3403 2164 3440 ιι.
2203 3392 2285 3439 87.
2317 3387 2448 3449 {In-

1373 3477 1525 3522 terea
1547 3471 1714 3521 taceri
1736 3484 1867 3534 opus
1890 3467 2040 3518 esse.’

1443 3548 1596 3608 Cuius
1616 3549 1807 3597 tandem
1830 3560 1919 3607 ego
1938 3543 2034 3606 rei]
2068 3540 2223 3603 Cadus
2253 3542 2445 3591 tandm

1370 3637 1486 3689 ergo
1518 3623 1592 3673 rei
1613 3622 1898 3672 Klockian.
1966 3619 2077 3670 Has
2116 3632 2268 3667 voces
2303 3629 2444 3679 saepe

1373 3700 1426 3749 in
1452 3700 1766 3750 membranis
1791 3696 2134 3759 commisceri,
2150 3694 2442 3744 videbimus

1371 3777 1439 3831 ad
1461 3790 1688 3829 xxxvii.
1709 3780 1792 3827 53.
1818 3779 1846 3840 §
1874 3777 1953 3824 11.

1442 3853 1564 3910 Qnoe
1597 3867 1685 3901 sua
1717 3851 1885 3914 cuique
1916 3847 2203 3910 conjectanti
2231 3859 2331 3895 esse
2350 3857 2444 3907 po·

1367 3935 1487 3992 sest,
1514 3935 1686 3978 auctor
1718 3926 1836 3989 sim]
1884 3926 1985 3976 Suo
2015 3925 2182 3989 cuique
2215 3924 2369 3971 Voss.
2394 3924 2444 3970 1.

1373 4007 1522 4057 Leid.
1543 4009 1592 4056 2.
1629 4011 1686 4055 et
1720 4005 1849 4055 Lov.
1873 4007 1918 4052 1.
1987 4001 2146 4050 Male.
2208 3997 2346 4047 Vide
2376 3995 2444 4046 ad

1370 4095 1464 4133 ιιι.
1504 4086 1588 4132 22.
1633 4084 1662 4146 §
1704 4084 1756 4130 6.
1844 4076 2054 4130 Deinde
2098 4079 2267 4126 auctor
2297 4075 2446 4123 simus

1373 4156 1524 4208 Leid.
1547 4161 1593 4205 l.

1440 4238 1524 4301 §4
1559 4234 1696 4286 Sicul
1732 4247 1856 4284 nunc
1889 4232 1944 4282 in
1975 4227 2317 4293 deleclibusfit
2342 4225 2444 4279 Ro·

1376 4309 1558 4376 manis]
1588 4310 1728 4362 Sicut
1757 4324 1852 4361 non
1883 4308 2104 4358 Gaertu.
2171 4303 2279 4355 Sed
2302 4316 2443 4353 eom-
