2934 4925
476 407 657 489 ⁷⁰62

483 582 583 619 nec
607 568 661 618 iu
683 566 845 632 illam,
875 578 1029 632 qusm
1061 564 1111 617 ei
1152 563 1429 616 substituit
1461 563 1541 615 Si·

484 646 688 709 gonius.
758 645 1038 708 Scriptura
1077 649 1271 704 nutem,
1327 657 1444 707 qne
1489 642 1542 690 in

486 723 589 772 iliis
606 727 865 786 superest,
882 735 1029 786 aeqne
1048 719 1394 784 suspicionem
1414 732 1544 781 pra·-

487 799 613 850 bere
639 805 830 863 potest,
851 798 987 847 iliam
1012 812 1078 846 ex
1104 796 1544 859 Menenius,quam

487 891 554 926 ex
599 876 831 937 Maius,
866 882 1162 936 corruptam
1203 885 1335 921 esse.
1404 871 1542 921 Nam

486 952 717 1002 Mentiris
738 958 820 1001 est
851 951 903 1000 in
945 950 1092 1000 Leid.
1116 954 1162 1000 l.
1203 963 1268 999 ex
1309 963 1430 1015 qno,
1464 949 1542 997 in·

486 1035 631 1077 serta
651 1028 807 1077 litere
826 1041 852 1076 e
872 1026 932 1076 fit
954 1027 1223 1088 Menenius,
1245 1038 1391 1075 erese
1412 1025 1541 1074 slte-

486 1119 545 1154 rs
562 1105 803 1154 *Meuius
825 1105 906 1152 vei
931 1103 1157 1152 Maenius.
1222 1100 1329 1151 Sed
1353 1101 1544 1149 Menei·

483 1197 539 1231 us
564 1181 756 1230 habent
776 1180 927 1230 Voss.
952 1183 1001 1228 1.
1022 1177 1173 1228 Leid.
1194 1180 1243 1225 2.
1264 1183 1319 1226 et
1345 1177 1470 1224 Lov.
1496 1178 1544 1223 1.

476 1259 573 1309 ,ubi
597 1260 735 1309 linea
751 1256 1123 1322 suprascripte,
1150 1255 1248 1305 hoc
1262 1252 1413 1304 modo
1431 1255 1542 1303 Me·

483 1334 632 1396 fliius,
654 1334 823 1384 omitti
841 1332 1028 1396 potuit.
1098 1330 1265 1380 Quum
1286 1336 1454 1378 tamen
1477 1343 1543 1377 ex

485 1410 584 1460 hac
610 1416 764 1473 gente
785 1409 915 1457 alius
942 1407 1195 1462 tribunus,
1219 1413 1307 1455 aut
1328 1405 1542 1454 alterins

486 1486 707 1536 nominis
732 1486 1068 1548 magistratus
1082 1483 1315 1548 plebeius
1328 1496 1428 1531 uon
1448 1481 1540 1531 ob-

486 1568 686 1623 currat,
710 1569 763 1610 et
787 1574 945 1610 voces
969 1560 1182 1609 Moenius
1204 1573 1263 1609 sc
1287 1559 1542 1611 Menenius

485 1651 626 1702 saepe
663 1638 716 1687 in
746 1637 875 1688 Μαι.
913 1634 1160 1686 confundi
1198 1636 1416 1697 soleant,
1452 1634 1540 1700 (ut

485 1715 776 1765 videbimus
801 1713 867 1763 sd
892 1727 1018 1763 vm.
1041 1716 1122 1761 13.
1158 1714 1186 1777 §
1208 1710 1282 1776 1.)
1318 1713 1540 1774 scriptu·

484 1804 615 1852 rem,
636 1804 753 1855 quae
776 1797 898 1839 ente
921 1789 1186 1852 sigonium
1210 1787 1432 1843 exstitit,
1459 1801 1540 1837 re·

488 1880 677 1917 vocare
722 1880 823 1915 nou
869 1865 1111 1915 sustinui.
1179 1865 1451 1913 Praeterea
1492 1868 1542 1913 et

489 1943 553 1999 Q.
577 1942 781 1993 Publius
803 1942 943 1992 Flor.
965 1940 1113 1991 Leid.
1133 1944 1178 1989 1.
1204 1941 1331 1989 ιον.
1346 1945 1395 1989 2.
1415 1943 1463 1988 3.
1488 1942 1540 1989 4.

485 2025 535 2069 5.
560 2019 783 2070 Gaertu.
808 2026 864 2069 et
888 2017 1070 2082 fragm.
1094 2017 1229 2066 Hav.
1279 2020 1327 2065 et
1352 2017 1415 2072 Q.
1431 2015 1542 2063 Pli-

485 2095 610 2144 blius
649 2095 798 2144 Port.
861 2109 906 2144 c.
939 2098 979 2142 t.
1002 2109 1051 2156 q;
1077 2092 1280 2142 Publius
1314 2092 1471 2141 Voss.
1495 2096 1581 2141 1.»

484 2170 634 2222 Leid.
656 2175 706 2220 2.
749 2179 803 2219 et
836 2171 966 2220 Lov.
991 2174 1038 2217 l.
1088 2175 1135 2218 et
1162 2167 1391 2224 Quintius
1410 2167 1545 2217 Pub-

483 2247 577 2296 lius
598 2248 734 2297 Hav.
802 2247 996 2296 Verum
1020 2245 1102 2294 hic
1125 2253 1267 2294 recte
1283 2244 1375 2292 viri
1399 2243 1544 2293 docti

484 2327 533 2372 et
557 2324 622 2379 Q.
647 2323 885 2373 Publilius
914 2321 1272 2384 restituerunt,
1314 2321 1451 2385 quod
1489 2326 1546 2371 et

485 2400 541 2449 in
562 2401 720 2452 Voss.
750 2404 802 2450 2.
838 2406 894 2450 et
928 2398 1079 2447 Heri.
1106 2404 1328 2462 utroque
1362 2410 1546 2460 super-

486 2476 612 2540 fuit,
636 2480 680 2529 si
703 2479 857 2529 codd.
894 2490 1074 2548 eorum
1105 2477 1391 2539 excerptis,
1425 2490 1543 2540 quae

486 2570 647 2620 penes
673 2570 756 2606 me
789 2562 926 2618 suut,
966 2553 1129 2603 fidere
1160 2553 1370 2617 possim.
1434 2553 1542 2603 Sae-

485 2633 600 2697 pins
623 2633 737 2682 haec
767 2630 974 2681 nomina
1012 2630 1064 2679 in
1098 2629 1303 2693 scriptis
1325 2627 1540 2679 confun-

485 2708 696 2758 duntur.
762 2705 897 2757 Vide
925 2706 989 2757 sd
1025 2721 1090 2757 ιι.
1114 2711 1198 2756 55.
1236 2708 1339 2771 §⁴1.
1381 2712 1445 2756 et·
1476 2706 1542 2756 ad

484 2798 613 2833 vm.
637 2788 717 2834 12.
741 2785 770 2848 ξ
792 2789 842 2834 4.
1249 2813 1254 2816 ,

547 2862 575 2925 ξ
594 2864 627 2909 6
663 2860 791 2915 Quid
812 2873 917 2909 cum
936 2859 1069 2922 plebe
1081 2860 1389 2921 adgredimur
1408 2863 1539 2926 eum]

483 2935 707 2984 Videtur
748 2934 1022 2997 legendnm
1068 2936 1199 2991 Quin
1236 2936 1358 2985 cum'
1390 2937 1541 2999 plebe.

435 3064 447 3075 p
481 3014 661 3076 Sigon.
728 3012 869 3061 Male
890 3012 1107 3076 conjicit
1126 3013 1364 3076 Sigonius
1391 3014 1543 3077 Quin,

484 3089 645 3152 idque
690 3089 889 3152 recepit
928 3089 978 3137 iu
1018 3095 1336 3140 contextum.
1403 3090 1542 3140 Nam

486 3170 742 3229 quaerunt,
775 3179 868 3214 cnr
903 3166 1235 3230 aggredimur
1270 3166 1545 3230 Manlium,

484 3245 541 3288 et
576 3252 677 3287 uns
700 3240 855 3289 etiam
878 3241 1082 3303 plebem
1114 3241 1178 3290 ab
1212 3242 1327 3306 ipso
1350 3244 1545 3306 pendu-

484 3316 626 3366 lam?
664 3316 812 3365 Grae.
902 3317 1045 3366 Msle
1087 3318 1326 3381 Sigonius
1371 3319 1543 3383 legen·

483 3391 604 3442 dum
638 3392 885 3442 ariolator
914 3392 1062 3448 Quin.
1126 3392 1261 3443 Nam
1296 3408 1358 3444 eo
1392 3395 1544 3445 modo

484 3469 775 3519 contrarius
798 3484 980 3519 sensus
1012 3470 1236 3519 auctoris
1271 3470 1430 3520 menti
1463 3470 1541 3521 in·

481 3545 684 3595 fertur..
706 3547 860 3598 Gebh.
924 3547 1116 3596 Facilis
1150 3554 1207 3596 et
1244 3554 1429 3611 aperta
1457 3554 1543 3599 est

421 3669 424 3672 .
484 3622 770 3685 sententis,
805 3636 922 3671 cnm
965 3636 1062 3686 per
1102 3637 1179 3686 se,
1205 3628 1314 3672 tnm
1345 3638 1410 3672 ex
1440 3624 1541 3688 his,

485 3712 599 3763 quae
656 3712 776 3748 mox
821 3698 1007 3749 dicunt
1062 3700 1284 3749 tribuni:
1335 3705 1351 3727 ‘
1375 3700 1540 3749 Simul

484 3773 763 3824 multitudo
785 3775 875 3824 ills
910 3788 1010 3825 non
1044 3790 1218 3830 secum
1241 3776 1436 3825 certari
1465 3776 1539 3824 vi-

1176 420 1395 472 NOTAE
1443 416 1851 470 vAluonuM
1903 417 1982 468 IN

1615 575 1748 612 rum.
1812 559 2184 613 Godelevaeum
2208 556 2364 608 etiam
2385 570 2451 607 eo
2472 558 2678 608 nomine

1614 637 1883 701 sigonium
1918 635 2327 699 reprehendisse,
2365 642 2555 685 auctor
2598 642 2678 685 est

1616 714 1913 777 Donjetius.
1981 713 2045 762 Iu
2068 713 2215 776 cnjus
2237 710 2500 774 farragine
2524 726 2675 776 quum

1616 790 1743 839 nihii
1766 792 1946 839 horum
1970 789 2247 845 inveniam,
2269 800 2546 851 perperam
2570 787 2674 836 Go-

1617 865 1857 931 delevaei,
1881 867 1996 916 loco
2021 865 2256 920 Gruted,
2280 863 2344 913 ab
2367 878 2431 912 eo
2456 864 2675 913 mentio-

1616 957 1735 992 nem
1777 942 1969 993 factem
2015 956 2127 992 esse
2167 942 2422 991 existimo.
2491 941 2674 1006 Paullo

1619 1027 1741 1070 ante
1761 1019 1974 1070 doitefis
2006 1025 2099 1082 est,
2140 1032 2233 1082 pro
2253 1019 2347 1068 cio.
2380 1031 2502 1079 esse,
2544 1018 2674 1066 male

1618 1103 1699 1147 est
1721 1097 1772 1147 in
1796 1098 1948 1147 Port.
2001 1095 2207 1146 Deinde
2230 1097 2377 1146 civem
2394 1093 2675 1157 pestiferum

1619 1173 1720 1222 ulio
1744 1172 1928 1224 ordine
1952 1173 2169 1223 Gsertu.
2464 1172 2469 1176 ’

1685 1250 1835 1306 Quem
1848 1264 1936 1313 per
1953 1250 2102 1312 ipsum
2114 1247 2291 1311 plebem
2309 1247 2458 1296 tutius
2473 1249 2674 1309 aggredi

1616 1330 1706 1381 est,
1728 1333 1781 1375 ut
1819 1327 1922 1374 suis
1958 1328 2059 1389 ipse
2094 1329 2317 1375 oneratus
2335 1325 2522 1374 viribus
2541 1326 2671 1389 ruci]

1622 1403 1789 1452 Tatium
1808 1404 2143 1465 aggrediemur
2169 1402 2317 1452 Leid.
2343 1405 2391 1451 1.
2426 1416 2458 1451 u
2492 1417 2562 1450 m.
2596 1416 2673 1466 pr.

1618 1478 1756 1543 quod
1797 1486 1941 1528 recte
1987 1480 2038 1528 in
2076 1478 2284 1541 aggredi
2317 1483 2389 1529 est
2428 1478 2676 1541 deinceps

1617 1563 1876 1605 mutatum
1921 1562 2020 1606 est.
2082 1557 2170 1606 Its
2213 1568 2353 1605 xur.
2386 1559 2470 1605 41.
2507 1555 2672 1606 ‘Quae

1617 1631 1777 1681 verbo
1833 1632 2043 1696 objecta
2100 1632 2257 1682 verbo
2324 1646 2521 1694 negare
2575 1629 2676 1680 sit!

1616 1721 1768 1757 xum
1789 1711 1872 1757 39.
1907 1710 1921 1736 ‘
1941 1709 2150 1760 Quanto
2173 1707 2307 1757 euim
2342 1705 2553 1755 facilius
2587 1705 2673 1755 ab·

1617 1787 1695 1834 ire
1750 1784 1866 1841 fuit,
1910 1801 2066 1850 quum
2107 1786 2289 1849 procul
2344 1783 2675 1833 abessemns.'

1617 1861 1753 1912 Vide
1775 1862 2034 1912 Vechneri
2059 1861 2323 1912 Helieuoi.
2349 1861 2437 1911 111).
2463 1875 2503 1911 ι.
2543 1866 2674 1924 part.

1620 1950 1679 1987 ιι.
1702 1952 1749 1988 c.
1774 1941 1853 1989 sl.
1873 1945 1929 1987 et
1954 1939 2072 1989 Nic.
2088 1938 2361 1987 Heinsium
2387 1938 2456 1986 ad
2480 1936 2692 1986 Nason.

1618 2014 1737 2064 Art.
1760 2014 1938 2063 Amat.
1980 2029 2040 2065 ιι.
2081 2020 2163 2065 28.
2230 2014 2439 2065 Deinde
2482 2019 2540 2063 ut
2576 2015 2674 2076 ipse

1616 2095 1716 2143 suis
1736 2101 1959 2144 omacius
1992 2094 2173 2145 viribus
2214 2094 2339 2143 Lov.
2359 2098 2408 2143 2.
2473 2091 2542 2141 Τὸ
2575 2093 2676 2156 ipse

1621 2170 1771 2220 abest
1795 2172 1861 2221 ab
1880 2173 2007 2222 Exc.
2043 2172 2237 2229 Pithoei
2279 2170 2418 2234 apud
2454 2171 2677 2220 Hearni-

1621 2260 1729 2309 nm,
1748 2247 1897 2298 abest
1921 2248 2078 2298 etiam
2103 2248 2240 2312 apud
2262 2260 2343 2296 me
2377 2261 2409 2294 a
2444 2246 2592 2296 Leid.
2627 2250 2674 2295 2.

1619 2330 1674 2372 et
1696 2325 1820 2373 Lov.
1841 2329 1889 2374 1.
1910 2339 2122 2390 quorum
2140 2326 2283 2389 prior
2304 2324 2522 2387 insuper
2544 2325 2676 2372 maie

1617 2410 1851 2452 ostentat
1873 2409 1928 2452 ut
1949 2405 2048 2452 suis
2067 2418 2197 2453 ouer.
2217 2403 2310 2452 vir.
2331 2407 2463 2451 ruat.
2534 2402 2581 2451 N
2589 2401 2678 2450 ihil

1619 2481 1939 2533 mutandum.
1987 2496 2127 2532 xxx.
2147 2486 2230 2531 44.
2251 2482 2356 2531 ‘Ut
2389 2480 2678 2544 praevslida

1618 2571 1838 2621 corpore
1869 2559 1933 2608 ab
1958 2559 2189 2608 externis
2220 2556 2417 2606 caussis
2453 2562 2574 2605 tuta
2608 2556 2677 2603 vi-

1618 2631 1827 2697 dentur,
1849 2634 1940 2684 sed
1967 2634 2071 2683 suis
2093 2634 2208 2698 ipsa
2229 2632 2423 2682 viribus
2458 2644 2677 2681 oneran-

1619 2707 1739 2757 tur!

1683 2785 1712 2847 ᾧ
1745 2787 1776 2832 7
1810 2784 1954 2833 Diem
1973 2785 2126 2834 dicere
2159 2785 2224 2847 ei,
2258 2783 2394 2833 nobis
2427 2783 2484 2832 in
2519 2783 2672 2832 animo

1616 2857 1714 2922 est]
1749 2859 1890 2909 Diem
1909 2860 2082 2923 dicere,
2104 2861 2180 2909 vel
2209 2861 2342 2910 nobis
2376 2860 2528 2909 Leid.
2570 2874 2672 2908 um·

1618 2934 1705 2993 bo,
1749 2936 1874 2986 Lov.
1923 2941 1970 2986 l.
2014 2942 2065 2987 2.
2115 2938 2261 2986 Harl.
2308 2936 2483 2998 ambo,
2532 2937 2672 2986 Port.

1617 3010 1806 3075 fragm.
1838 3012 1976 3061 Hav.
2003 3023 2057 3062 et
2080 3012 2297 3062 Hearnii
2324 3011 2500 3061 Oxou.
2527 3011 2595 3061 N.
2616 3011 2672 3059 C.

1620 3096 1775 3152 atque
1810 3089 2079 3153 Excerpta
2114 3089 2257 3138 Pith.
2293 3089 2431 3136 uude
2461 3100 2564 3135 non
2587 3087 2673 3135 sb-

1620 3165 1916 3214 enntVoss.
1932 3169 1979 3214 1.
1997 3174 2052 3215 et
2071 3167 2248 3214 Lovui.
2267 3178 2328 3213 ec
2347 3170 2399 3213 5.
2422 3163 2524 3212 uisi
2539 3161 2673 3227 quod

1618 3240 1768 3297 vobis,
1787 3255 1882 3305 pro
1899 3242 2052 3304 nobis,
2076 3241 2339 3291 obferunt.
2387 3236 2675 3303 Utramque

1619 3318 1895 3368 lectionem
1925 3319 2153 3383 jungens
2177 3319 2322 3368 Diem
2343 3318 2504 3367 dicere
2525 3317 2589 3378 ei,
2606 3316 2676 3364 cel

1617 3395 1751 3444 nobis
1768 3397 1927 3448 habet
1948 3397 2085 3447 Hav.
2152 3394 2296 3445 Diem
2316 3395 2496 3455 dicere,
2519 3398 2569 3444 et
2599 3407 2674 3442 co·

1619 3472 1691 3521 bis
1711 3472 1932 3525 Gaertn.
2001 3473 2148 3523 Diem
2162 3473 2317 3522 dicere
2332 3477 2380 3521 et
2402 3471 2542 3521 nobis
2557 3468 2674 3519 edd.

1621 3548 1770 3598 Rom.
1810 3553 1956 3599 1472.
1997 3556 2054 3598 et
2092 3550 2266 3598 Parin.
2336 3548 2490 3597 Diem
2524 3547 2675 3596 dicere

1618 3628 1754 3683 velte,
1788 3627 1922 3675 nobis
1960 3628 2112 3676 Voss.
2149 3631 2198 3675 2.
2229 3634 2281 3682 et
2325 3626 2452 3674 Lov.
2493 3629 2546 3674 8.
2611 3623 2670 3672 In

1618 3703 1789 3753 verbis
1821 3719 1964 3768 seqq.
2000 3704 2125 3752 nihil
2158 3703 2315 3751 minus
2352 3717 2497 3765 quam
2530 3714 2673 3763 popu·

1615 3779 1733 3840 lare,
1758 3794 1898 3841 quam
1918 3793 2117 3841 regnum
2140 3783 2212 3827 est
2236 3791 2516 3841 perperam
2541 3790 2671 3841 prae·

485 3846 679 3910 derint,
700 3856 754 3899 et
768 3863 832 3898 ex
858 3849 1120 3899 advocatis
1134 3849 1339 3914 judices
1356 3850 1541 3901 erunt.’
1610 3852 1718 3903 fert
1738 3855 1866 3905 Lov.
1898 3860 1944 3905 1.

489 3923 620 3978 Quin
662 3940 766 3975 non
809 3925 969 3975 hebet
1024 3925 1265 3976 idoneum
1314 3941 1539 3979 sensum.

486 3997 623 4047 Dok.
691 4002 898 4050 Praeter
933 4003 1096 4052 solum
1137 4004 1273 4053 Flor.
1313 4005 1542 4060 Quicum

478 4073 612 4136 plebe
647 4073 986 4140 obserentem,
1021 4080 1287 4143 vulgatum
1332 4087 1543 4131 servent

484 4163 661 4200 omnes
676 4150 825 4203 codd.
849 4154 1003 4220 idque
1026 4157 1180 4206 etiarn
1196 4158 1393 4221 sigonii
1417 4173 1540 4209 con·

475 4225 705 4290 jecturae
727 4228 1112 4293 praeferendum
1134 4233 1310 4284 docuit
1334 4234 1540 4286 Grono-

485 4303 596 4353 vius
619 4304 671 4354 in
704 4306 871 4369 prima
902 4307 986 4359 ed.
1024 4318 1263 4360 notarum
1301 4311 1537 4363 Liviana.

1680 3929 1839 3979 Simul
1858 3933 2110 3981 multitudo
2144 3931 2229 3981 illa
2261 3946 2354 3980 non
2390 3945 2550 3979 secum
2573 3943 2670 3978 cer·

1615 4006 1716 4056 tori
1736 4007 1969 4070 viderint]
1993 4007 2054 4057 Si
2076 4009 2328 4056 multitudo
2345 4007 2437 4056 illa
2452 4008 2605 4056 Voss.
2624 4011 2670 4055 1.

1618 4082 1763 4131 Leid.
1786 4088 1835 4133 2.
1874 4085 1998 4133 Lov.
2025 4088 2068 4132 1.
2089 4089 2138 4133 4.
2159 4090 2209 4133 5.
2245 4084 2398 4133 Harl.
2429 4089 2481 4134 2.
2523 4085 2668 4133 Port.

1619 4158 1757 4212 Hav.
1781 4167 1837 4209 et
1859 4149 2080 4209 Hearnii
2105 4159 2275 4209 Oxon.
2300 4161 2366 4208 B.
2382 4169 2436 4209 et
2461 4163 2522 4213 C.
2573 4163 2670 4211 Ve-

1616 4250 1726 4285 rum
1751 4238 1834 4285 vel
1858 4237 2056 4286 librarii
2080 4237 2268 4286 iterum
2293 4250 2398 4285 non
2436 4237 2669 4287 adsecuti

1615 4319 1736 4363 sunt
1779 4312 2208 4377 significationem
2251 4314 2340 4362 τοῦ
2379 4315 2527 4365 simul
2577 4325 2667 4380 pro
