2934 4925
767 413 833 460 T.
884 407 1073 460 mvn
1122 406 1320 459 mer.
1371 407 1517 459 mu.
1558 409 1626 457 v.
1673 405 1839 461 esp.
1870 396 1979 463 53.

301 566 322 588 ‘·
355 549 451 605 Ubi
467 553 728 618 ammoto,
757 554 856 604 nisi
876 554 958 604 ubi
976 555 1209 610 adsolent,
1223 553 1343 620 fieri

278 632 491 695 possunt]
524 632 643 682 Nisi
661 632 921 693 auspicato,
954 631 1056 680 nisi
1073 630 1155 680 ubi
1190 631 1342 679 Harl.

280 714 328 758 2.
384 708 588 758 Deinde
624 708 706 757 abi
724 707 847 773 fieri
877 709 1110 770 adsolent,
1144 710 1343 769 possunt

280 786 414 834 idem
435 785 581 835 Harl.
591 789 643 834 2.
659 791 714 834 et
731 791 990 848 preterea
1011 782 1161 832 Port.
1181 790 1343 847 atqua

281 863 417 911 Hav.
457 862 542 911 ubi
568 861 689 927 fieri
727 862 961 921 adsolent,
988 858 1112 925 fieri
1149 862 1342 922 possunt

280 939 408 988 Lov.
426 943 478 989 4.
515 947 572 988 et
599 944 649 989 5.
699 938 827 988 Tum
837 937 958 1002 fieri
976 941 1167 1001 possent
1192 937 1342 986 Voss.

282 1019 328 1064 1.
351 1015 502 1065 Leid.
523 1019 575 1065 2.
595 1021 653 1064 et
675 1013 806 1064 Lov.
830 1019 881 1063 l.

339 1093 368 1156 ς
394 1095 453 1143 17
485 1092 685 1142 Veiosne
698 1093 801 1141 hoec
816 1087 1175 1151 transferemus]
1206 1088 1345 1139 Veios

278 1181 360 1217 nec
387 1169 488 1218 hoec
520 1169 856 1227 transferemus
891 1166 1041 1217 Leid.
1068 1171 1115 1217 1.
1152 1165 1344 1215 Veiosne

284 1246 366 1293 hoc
387 1245 727 1305 transferemus
750 1244 904 1295 Harl.
924 1248 975 1294 2.
1023 1243 1222 1293 Veiosne
1241 1244 1343 1293 liaee

280 1322 641 1382 transferremus
663 1323 819 1371 Voss.
844 1325 893 1372 1.
923 1322 1052 1378 hine,
1092 1334 1187 1383 pro
1223 1320 1341 1380 Iioec,

282 1413 312 1446 a
366 1413 519 1447 manu
572 1398 774 1448 receuti
817 1398 958 1447 inter
1016 1411 1197 1445 versus
1253 1398 1342 1445 ad-

282 1475 530 1539 scriptum
555 1483 671 1525 erat
694 1476 746 1525 in
769 1476 908 1526 Flor.
957 1474 1164 1523 Deinde
1185 1477 1341 1523 trans·

266 1550 470 1608 set-imus
493 1558 574 1602 est
596 1553 649 1601 in
674 1552 802 1602 Lov.
823 1557 873 1601 5.
921 1550 1264 1611 transferemur
1286 1552 1341 1600 in

282 1627 423 1680 Flor.

343 1705 404 1753 Is
444 1707 681 1755 desertam
718 1706 838 1755 lianc
882 1705 941 1754 ab
985 1707 1097 1755 aliis
1141 1706 1341 1755 homini-

280 1781 448 1844 busque
464 1783 622 1831 urbem
641 1784 907 1845 conveniet]
931 1782 1085 1832 Caeeo
1104 1789 1345 1845 apparet,

278 1859 560 1922 legendum
600 1860 662 1908 ab
703 1860 820 1909 Diis
861 1859 1229 1922 hominibusque,
1286 1866 1344 1908 ut

275 1935 472 1987 habent
515 1951 691 1986 omnes
740 1936 873 1985 libri.
910 1935 1062 1985 Gebh.
1142 1936 1342 1998 Lectio,

276 2026 393 2075 quae
407 2012 545 2062 notis
564 2011 834 2062 Gebhardi
852 2012 1226 2075 praeseribitur,
1241 2026 1343 2061 non

277 2089 405 2139 alibi
431 2104 466 2139 a
489 2104 570 2139 me
605 2089 826 2139 inventa
854 2096 957 2151 est,
989 2104 1142 2152 quam
1167 2090 1218 2138 in
1242 2090 1344 2153 pri·

276 2165 452 2215 oribus
475 2165 596 2215 edd.
617 2165 857 2228 Gruteri,
890 2165 980 2229 qni
1017 2166 1132 2229 ipse
1151 2179 1266 2214 eam
1291 2167 1342 2214 in

274 2244 554 2306 posteriori
577 2242 896 2293 emendavit.
952 2243 1197 2293 Ceterum
1230 2244 1343 2292 inde

271 2321 508 2370 desertam
536 2317 681 2370 Leid.
702 2324 752 2368 1.
807 2319 910 2369 Sed
936 2321 1119 2369 ultima
1141 2319 1344 2384 syllaba

269 2397 360 2445 »mii
402 2397 517 2446 inde
557 2407 837 2459 perperam
883 2396 1110 2459 repetita
1155 2404 1239 2445 est
1279 2409 1346 2444 ex

224 2523 228 2528 .
272 2477 443 2540 prima
462 2473 609 2524 vocis
632 2477 901 2539 proximae.
968 2473 1070 2523 Vel
1096 2474 1258 2523 etiam
1295 2473 1349 2525 ὑῒ

270 2567 371 2616 ‚pro
395 2552 451 2602 in
474 2548 727 2615 seriptum
765 2562 880 2600 esse
918 2549 1159 2599 librarius
1182 2548 1348 2598 credi-

273 2629 372 2679 dit.
429 2630 616 2680 Solent
664 2633 838 2677 antem
882 2639 1025 2688 saepe
1067 2626 1148 2675 bae
1191 2639 1346 2674 voees

272 2706 599 2756 commutari.
633 2703 771 2754 Vide
795 2703 861 2753 ad
884 2716 941 2752 x.
964 2707 1048 2752 20.
1075 2705 1103 2768 §
1130 2707 1181 2753 θ.
1215 2704 1347 2752 Tum

272 2800 302 2833 a
332 2783 451 2832 Diis
472 2783 606 2833 Lov-
627 2785 674 2831 1.
695 2785 744 2830 5.
768 2781 918 2830 Voss.
937 2779 1106 2840 ambo,
1130 2779 1279 2830 Leid.
1296 2784 1348 2829 2.

275 2868 327 2909 et
350 2860 580 2910 Gaertn.
616 2873 649 2907 u
685 2857 783 2907 Dis
819 2856 968 2906 Leid.
996 2860 1043 2905 1.
1089 2855 1230 2906 Vide
1247 2857 1348 2906 hoe

274 2936 368 2985 lib.
385 2951 435 2986 ο.
457 2939 541 2986 14.
562 2937 593 3000 ξ
612 2938 664 2985 4.
697 2935 758 2983 ab
784 2933 902 2983 Diis
922 2933 1206 2996 hominibus,
1233 2934 1347 2983 abs-

277 3027 379 3076 que
419 3010 616 3075 copiis
658 3024 768 3074 que,
808 3010 957 3060 Harl.
1006 3016 1056 3061 2.
1122 3011 1252 3060 Mox
1286 3010 1347 3059 τὸ

275 3090 436 3138 urbem
458 3102 566 3137 non
588 3095 671 3137 est
695 3088 746 3136 in
775 3086 909 3136 flav.
977 3086 1219 3152 Denique
1238 3102 1348 3137 eou-

277 3164 459 3214 veniret
481 3163 707 3214 Gaertn.
749 3161 940 3212 Paullo
963 3172 1085 3213 ante
1108 3179 1144 3212 a
1160 3165 1347 3213 comiti-

278 3256 411 3291 orum
428 3255 627 3303 ‘ow-38⁴1,
648 3254 742 3304 pro
765 3253 831 3289 un
848 3239 1146 3288 comitiorum
1163 3255 1349 3307 caussa,

280 3319 418 3369 Flor.

344 3397 483 3445 Car.
523 3395 715 3458 ιιιικς
748 3396 778 3442 1
814 3392 920 3442 Sed
951 3406 1034 3443 res
1070 3393 1177 3457 ipsa
1218 3395 1349 3457 cogit

278 3477 515 3523 matam
555 3470 792 3520 incendiis
839 3470 1108 3535 relinquere
1160 3470 1348 3534 urbem]

280 3551 423 3599 Libri
455 3563 661 3612 omnes,
693 3547 879 3611 scripti
911 3555 973 3598 et
1007 3550 1140 3608 cusi,
1169 3555 1350 3599 vastam

278 3627 540 3680 ineeudiis:
570 3622 712 3690 quod
736 3623 952 3675 rectius.
979 3624 1135 3675 Geth.
1188 3627 1348 3678 Quin-

282 3705 403 3769 quid
421 3705 732 3768 scriptorum
754 3707 987 3751 veterum
1006 3708 1087 3751 est
1103 3716 1220 3752 eum
1238 3704 1349 3768 ple·

281 3782 453 3846 risque
493 3779 649 3829 editis
683 3783 900 3836 vastam5
933 3778 1091 3843 idque
1116 3780 1350 3843 reposui·

283 3871 412 3907 mus.
467 3857 545 3907 Ut
572 3863 631 3905 et
659 3868 831 3904 xxm.
852 3858 934 3904 30.
961 3857 982 3909 ,4
1006 3855 1196 3920 Itaque
1220 3858 1349 3906 urbe

284 3949 315 3982 a
334 3932 698 3982 defensoribus
712 3938 859 3981 vasta
873 3929 1029 3981 facile
1047 3933 1204 3996 potiti
1229 3939 1351 3983 sunt

285 4009 494 4060 hostes.’
559 4008 643 4057 Ita
685 4007 1072 4072 antiquissimus
1099 4010 1277 4058 -eodex
1321 4025 1351 4059 a

203 4096 206 4101 '
285 4101 356 4137 m.
393 4101 474 4150 pr.
503 4092 563 4135 et
595 4083 900 4147 conjecerat
922 4085 1130 4148 Lipsius
1153 4099 1217 4134 ex
1244 4102 1352 4135 vas-

284 4168 404 4224 tata,
443 4159 589 4227 quod
624 4159 819 4210 babent
864 4163 1104 4223 vulgares
1151 4163 1352 4212 calamo

289 4240 505 4301 exarati,
525 4235 891 4303 habebantque
915 4238 1043 4288 editi
1063 4244 1185 4289 ante
1206 4240 1354 4302 Sigo-

2298 389 2474 461 7823

1417 565 1535 605 cuin
1551 554 1864 619 praefstione
1886 559 2244 619 reponentem.
2264 552 2478 603 Sallust.

1418 633 1472 681 in
1493 632 1615 692 Jug.
1638 648 1686 683 c.
1707 634 1790 684 48.
1824 639 1840 663 ⁸
1862 632 2017 681 Mons
2039 639 2095 681 et
2119 630 2184 680 ab
2207 636 2392 680 natura
2422 635 2478 680 et

1420 708 1486 758 ab
1515 709 1739 758 humano
1773 711 1921 758 cuitu
1953 705 2166 757 vastus?
2210 706 2387 757 Livius
2420 717 2476 757 Χ.

1421 790 1502 835 12.
1536 786 1554 813 ⁴
1576 785 1695 835 Nee
1723 787 1885 835 solum
1921 784 2074 834 modo
2109 790 2306 833 vastum
2339 783 2476 832 hosti

1421 861 1691 911 relietum.’
1730 861 1944 912 Curtius
1979 874 2056 911 tv.
2095 865 2141 909 1.
2175 867 2191 891 ⁸
2216 861 2325 909 Per
2360 860 2475 909 loca
2512 853 2529 860 “

1411 937 1523 999 jam
1547 938 1715 987 inania
1738 947 1793 986 et
1814 938 2008 996 ingenti
2031 935 2310 987 solitudine
2328 944 2477 986 vasta

1418 1013 1726 1078 fugiebant!
1755 1015 1813 1063 J.
1837 1014 1900 1064 F.
1927 1015 2081 1063 Gron.
2157 1014 2352 1063 Vestam
2385 1012 2476 1061 ba-

1420 1089 1550 1140 bent
1580 1092 1737 1141 etiam
1760 1104 1936 1140 omnes
1970 1089 2124 1140 codd.
2163 1090 2286 1151 mei,
2325 1097 2383 1139 ut
2419 1097 2478 1140 et

1420 1166 1766 1228 oxonienses,
1793 1166 1973 1231 quibus
1999 1166 2211 1215 Hearue
2235 1180 2353 1214 usus
2376 1172 2474 1216 est.
2507 1201 2516 1209 .

1427 1245 1678 1297 Vastatam
1718 1244 1882 1307 prima
1919 1243 2204 1293 editionum
2239 1241 2478 1291 exhibuit

1417 1319 1630 1375 Aldina,
1669 1327 1723 1370 et
1756 1320 1876 1369 inde
1900 1326 2100 1369 tantum
2125 1333 2228 1367 non
2265 1319 2476 1382 reliquae

1420 1397 1736 1446 recentiores
1760 1411 1919 1460 usque
1942 1396 2006 1445 ad
2032 1395 2368 1456 Gronovium,
2390 1394 2477 1460 qui

1419 1479 1561 1523 reete
1595 1481 1827 1523 veterem
1872 1474 2149 1522 lectionem
2196 1473 2482 1521 revocavit.

1418 1548 1632 1599 Servius
1691 1550 1755 1598 ad
1815 1549 2003 1611 Virgil.
2063 1548 2263 1598 AEneid.
2309 1563 2350 1598 1.
2397 1553 2480 1598 52.

1417 1633 1437 1657 ⁴
1474 1628 1610 1678 Sane
1664 1635 1810 1678 vasto
1862 1642 1957 1691 pro
1996 1627 2230 1678 desolato
2275 1635 2480 1677 veteres

1419 1705 1705 1768 ponebant,
1738 1705 2003 1769 ponebant
2035 1713 2090 1755 et
2129 1719 2221 1767 pro
2256 1702 2479 1768 magno!

1423 1782 1594 1845 Supra
1623 1795 1711 1831 m.
1731 1786 1781 1832 7.
1811 1783 1828 1810 ‘
1852 1781 1991 1847 Quid
2027 1781 2076 1831 in
2116 1788 2265 1830 vasto
2294 1795 2356 1829 ac
2391 1779 2483 1829 de·

1419 1869 1560 1908 serto
1577 1873 1702 1922 agro
1719 1859 1857 1908 inter
1875 1859 2044 1908 tabem
2065 1870 2307 1922 pecorum
2321 1856 2480 1905 homi-

1420 1949 1646 2000 numque
1679 1935 1882 1985 desides
1917 1936 2029 1984 sine
2060 1934 2240 1998 praeda
2273 1940 2478 1996 tempus

1423 2019 1655 2061 tererent
1677 2011 1715 2060 ?'
1768 2025 1848 2062 ιν.
1888 2016 1971 2061 39.
2004 2018 2020 2042 ‘
2050 2010 2114 2059 ln
2161 2018 2336 2059 castra
2378 2010 2479 2059 Ro-

1419 2103 1578 2139 mana
1602 2095 1857 2153 penetrat.
1908 2088 2012 2139 Ubi
2037 2103 2192 2153 quum
2218 2093 2368 2137 vasta
2389 2085 2480 2135 de·

1421 2174 1668 2231 sertaque
1682 2167 1872 2229 omnia,
1892 2172 2045 2229 atque
2060 2164 2314 2226 eamdem,
2330 2177 2480 2228 qnam

1424 2243 1562 2305 apud
1602 2244 1792 2304 hostes,
1836 2242 2125 2293 foeditatem
2165 2240 2484 2291 invenisset?

1420 2319 1637 2371 Sallust.
1661 2321 1712 2369 in
1738 2322 1943 2382 Fragm.
1968 2319 2171 2369 Hister.
2199 2315 2337 2381 apud
2359 2317 2483 2367 Ser-

1423 2396 1564 2445 vium
1618 2397 1684 2446 ad
1738 2397 1922 2462 Virgil.
1993 2391 2199 2446 AEueid.
2254 2408 2381 2444 vm.
2432 2398 2483 2444 8.

1421 2474 1440 2503 ⁴
1467 2475 1676 2538 Quippe
1711 2483 1861 2524 vasta
1898 2474 2059 2524 Italia
2098 2473 2309 2536 rapinis,
2344 2471 2486 2534 fuga,

1423 2550 1691 2600 uadibus?
1727 2551 1789 2601 In
1813 2552 1964 2602 Orat.
1985 2550 2061 2599 M.
2083 2549 2270 2598 AEmilii
2295 2546 2484 2612 Lepidi

1424 2627 1560 2677 idem
1585 2629 1800 2678 Sallust.
1825 2629 2024 2679 Histor.
2046 2628 2082 2677 l.
2106 2642 2145 2678 1.
2169 2629 2197 2691 ς
2224 2631 2303 2676 17.
2322 2629 2342 2655 ⁴
2365 2624 2485 2676 Nisi

1422 2704 1839 2767 adprobaveritis
1870 2719 2049 2755 omnes
2084 2704 2484 2768 proscriptiones

1422 2781 1746 2831 innoxiorum
1772 2781 1840 2831 ob
1873 2780 2100 2842 divitias,
2127 2779 2385 2829 eruciatus
2410 2778 2482 2827 vi·

1422 2870 1597 2906 rorum
1619 2857 1929 2919 inlustrium,
1948 2863 2143 2905 vastam
2164 2855 2340 2904 urbem
2359 2851 2484 2918 fuga
2583 2876 2586 2880 ⁴

1423 2941 1479 2981 et
1502 2932 1766 2983 caedibus?
1796 2933 1814 2960 ⁴
1836 2930 2113 2981 Vastatus’
2145 2938 2200 2981 et
2229 2931 2246 2959 ⁴
2274 2928 2482 2980 vastus'

1422 3025 1567 3074 saepe
1603 3012 1657 3060 in
1690 3012 1818 3060 Mss.
1843 3008 2146 3060 commutari
2167 3009 2482 3058 solentscri—

1422 3087 1604 3137 barum
1649 3087 1996 3151 neglegentia.
2057 3084 2194 3133 Vide
2237 3096 2352 3150 quae
2395 3099 2483 3134 no-

1425 3170 1606 3214 tantur
1628 3164 1693 3213 ad
1721 3176 1892 3212 xxm.
1912 3166 1993 3213 80.
2016 3163 2044 3225 ς
2067 3165 2117 3213 7.

1477 3242 1549 3290 Et
1561 3243 1624 3290 od
1638 3240 1830 3302 integra
1849 3241 2007 3289 omnia
2015 3238 2155 3288 Veios
2172 3237 2403 3301 migrare]
2418 3237 2485 3286 Es

1420 3318 1616 3380 integra
1636 3317 1792 3368 omnia
1813 3318 1925 3366 sine
1950 3315 2317 3380 praepositione
2337 3314 2489 3364 Leid

1422 3397 1471 3444 1.
1505 3393 1652 3444 Harl.
1672 3397 1724 3443 2.
1756 3400 1814 3442 et
1831 3394 1980 3442 Port.
2008 3404 2043 3440 a
2065 3406 2134 3439 m.
2155 3404 2235 3454 pr.
2288 3391 2486 3439 Verum

1420 3469 1480 3521 τὸ
1503 3473 1565 3521 ad
1589 3470 1744 3535 culpa
1763 3470 2094 3519 librariorum
2117 3469 2358 3517 omissum
2382 3474 2482 3516 est.

1421 3549 1558 3598 Vide
1584 3548 1650 3598 ad
1674 3561 1763 3597 ιιι.
1784 3551 1834 3596 6.
1859 3548 1886 3611 §
1908 3550 1958 3614 7.
2014 3545 2142 3593 Mox
2169 3545 2348 3608 plebem
2366 3559 2483 3593 vex-

1420 3625 1516 3681 ari,
1540 3639 1636 3689 pro
1665 3625 1732 3687 pl.
1753 3636 1944 3683 vexare,
1966 3621 2095 3670 Lov.
2113 3624 2160 3668 4.
2183 3627 2234 3669 5.
2269 3619 2416 3668 Harl.
2436 3623 2486 3668 2.

1423 3701 1651 3751 Gaertn.
1690 3701 1838 3750 Port.
1878 3714 1910 3748 a
1942 3713 2011 3748 m.
2055 3711 2172 3750 sec..
2203 3703 2258 3746 et
2295 3695 2462 3759 fragm
2477 3743 2490 3757 ,

1419 3778 1567 3828 Hsv.

1490 3857 1519 3919 §
1542 3858 1575 3904 2
1612 3854 1680 3903 Ut
1701 3867 1788 3916 ego
1809 3866 1902 3901 non
1922 3850 2101 3913 dicam]
2128 3851 2196 3900 Ut
2216 3864 2306 3914 ego
2323 3852 2394 3901 ita
2413 3851 2487 3900 di-

1425 3948 1530 3983 cum
1551 3933 1765 3982 Harl.2.
1785 3938 1841 3979 et
1855 3929 1991 3978 Hav.
2016 3931 2161 3993 lapsu
2185 3930 2487 3979 scribarum.

1426 4009 1492 4060 Τὸ
1512 4025 1602 4072 ego
1640 4008 1819 4059 deficit
1852 4008 1907 4056 in
1944 4008 2071 4057 Lov.
2090 4012 2138 4057 4.
2161 4017 2215 4055 et
2238 4012 2286 4054 5.
2313 4022 2488 4070 quem·

1427 4085 1700 4136 admodum
1744 4099 1863 4134 mox
1902 4083 2034 4134 vobis
2082 4083 2135 4132 in
2177 4082 2297 4133 edd.
2337 4085 2486 4134 Rom.

1430 4167 1578 4214 1472.
1601 4177 1662 4212 ac
1686 4162 1865 4211 Parni.

1496 4237 1644 4290 Hune
1683 4239 1889 4287 eamdem
1937 4251 2038 4286 rem
2078 4240 2234 4285 actam
2274 4248 2390 4298 esse,
2432 4240 2488 4282 nt

290 4316 449 4373 nium,
498 4328 565 4364 ex
610 4313 851 4377 improbo
891 4312 1029 4364 libro
1070 4329 1167 4366 suo
1203 4325 1355 4366 vacua
1438 4315 1579 4368 Veios
1615 4311 2085 4377 transmigraremus]
2119 4312 2271 4361 Hono
2302 4311 2493 4361 tandem
