2934 4925
697 413 765 460 τ.
814 410 1006 460 mvn
1058 397 1257 461 nist.
1306 412 1454 462 ms.
1505 417 1602 463 v1.
1651 416 1816 465 esp.
1855 401 1965 467 31.

253 556 482 613 Seuer-rio,
526 557 1024 621 perperam'datum
1065 563 1180 608 erat
1214 572 1299 609 xx.

252 635 326 684 45.
368 634 395 697 §
431 638 475 682 l.
547 634 812 684 Praeterea
848 635 892 683 si
928 635 1113 684 Setiam
1146 648 1300 698 repo·

252 708 485 767 nendum,
509 709 660 758 simul
689 710 846 760 etiam
870 709 1145 761 dicendum
1177 712 1300 773 erit,

253 785 380 834 inter
404 785 600 835 Livium
622 794 675 835 et
703 787 956 837 Velleium
980 802 1080 837 non
1111 803 1302 838 conve-

250 862 355 912 nire
376 863 439 911 de
462 877 615 927 anno,
636 879 737 930 quo
759 866 929 915 coloni
961 867 1076 915 novi
1102 867 1301 917 Setiam

254 938 493 1003 adscripti
525 945 661 990 sunt.
732 941 915 991 Annus
950 943 1086 991 enim
1111 943 1194 992 hic
1218 949 1302 992 est

253 1015 542 1065 undecimus
576 1023 694 1079 post
716 1017 881 1082 illum,
903 1032 1004 1082 quo
1028 1019 1169 1069 Galli
1195 1020 1301 1069 Ro-

253 1107 376 1144 mam
407 1101 688 1156 ceperunt3
727 1102 782 1146 at
818 1103 954 1145 teste
988 1096 1176 1147 Vellei.
1209 1099 1299 1147 Se-

253 1170 367 1219 tiam
402 1171 598 1220 colonia
621 1171 848 1222 deducta
882 1181 963 1223 est
999 1187 1132 1224 anno
1166 1190 1300 1226 nono

253 1253 361 1309 post
394 1261 505 1296 eam
547 1249 895 1299 Romanorum
936 1251 1299 1301 calamitatem.

250 1324 344 1376 Sed
365 1331 418 1374 et
441 1325 508 1375 de
535 1326 646 1375 aliis
673 1328 888 1377 colonis·
906 1328 1056 1377 inter.
1075 1342 1164 1377 eos
1196 1343 1313 1378 non.

567 1404 757 1454 Vellei.
772 1406 906 1456 enim
923 1408 1080 1471 Nepe
1094 1408 1175 1457 vel
1196 1410 1242 1458 N
1248 1423 1317 1457 e·-

251 1403 499 1453 convenit.

250 1485 366 1539 pete
389 1478 642 1529 coloniam
660 1480 939 1532 deductam
961 1484 1145 1534 scribit
1164 1499 1302 1535 nono

252 1561 362 1617 post
381 1555 572 1605 Setiam
594 1571 745 1615 anno,
768 1559 1001 1624 adeoque
1025 1573 1159 1611 anno
1184 1577 1316 1625 sep-.

252 1629 369 1680 timo
410 1630 616 1683 decimo
657 1641 776 1699 post
818 1636 1036 1687 Romam
1074 1653 1105 1687 a
1137 1638 1302 1688 Gallis

253 1715 465 1772 captam.
530 1712 729 1762 Verum
763 1714 941 1764 Livius
972 1715 1085 1779 ejus
1107 1716 1302 1766 deduc·

254 1786 435 1837 tionem
450 1788 558 1851 jam
586 1792 893 1842 memoravit
914 1793 1010 1843 hoc
1030 1794 1123 1843 lib.
1148 1809 1196 1844 c.
1217 1798 1301 1844 21.

254 1870 302 1913 et
329 1864 401 1913 ita
428 1880 562 1915 anno
597 1868 818 1932 septimo
840 1876 960 1933 post
983 1884 1096 1919 eam
1121 1869 1302 1920 urbem

148 1976 152 1980 .
254 1950 612 2006 expugnatam.
658 1946 824 2007 ,Vide
868 1947 1027 1996 etiam
1071 1949 1167 1998 hoc
1212 1949 1303 1997 lib.

253 2032 296 2069 c.
318 2023 364 2068 3.
400 2022 510 2085 §2.‘
571 2020 745 2097 Adde,
782 2024 1097 2074 locutionem
1136 2025 1307 2075 ‘colo-

254 2095 374 2159 uos‚’
403 2100 487 2148 vel
523 2104 539 2128 ‘
556 2114 720 2150 novos
742 2101 952 2151 colonos
976 2103 1275 2153 adscribere
1294 2102 1309 2125 ’

254 2174 415 2235 potius
459 2177 744 2226 convenire
785 2178 1001 2227 colonias
1043 2180 1146 2243 jam
1186 2179 1307 2248 olim

255 2250 502 2314 deductae,
521 2253 621 2306 sed
649 2253 800 2317 cujus
822 2268 959 2305 nunc
989 2261 1188 2306 tantum
1213 2271 1307 2305 nn-

255 2340 412 2376 merus
453 2329 754 2380 colonorum
800 2330 1091 2394 subpletnr.
1161 2331 1311 2383 Infra

257 2410 411 2454 x'xxl.
431 2409 513 2455 49.
545 2407 561 2433 ‘
580 2407 861 2456 Triumviri
897 2407 1020 2458 inde
1052 2410 1216 2458 creati
1242 2410 1308 2458 ad

253 2483 587 2544 supplendum
599 2484 878 2534 Venusinis
900 2487 1196 2535 colonorum
1215 2500 1320 2536 nu-·

254 2572 458 2618 merum,
478 2564 576 2611 ὅτε.
629 2563 689 2612 C.
724 2563 1001 2612 Terentius
1025 2564 1214 2626 Varro,
1244 2565 1322 2613 T.

258 2635 885 2703 QuinctiusFlamininus,
922 2641 988 2689 P.
1015 2641 1312 2706 Cornelius,

258 2712 349 2761 Cu.
374 2714 433 2762 F.
456 2715 651 2778 Scipio.
680 2747 684 2753 -
716 2716 789 2766 Hi
813 2718 1023 2767 colonos
1035 2719 1313 2768 Venusiam

259 2786 706 2855 sudsex-ipsamet*
743 2793 815 2842 Et
857 2793 1002 2843 alibi.
1069 2794 1204 2846 Vide
1246 2795 1326 2844 ad-

257 2863 389 2927 Epit.
414 2866 526 2915 Liv.
551 2867 644 2916 lib.
665 2881 741 2916 lv.

319 2942 564 3008 Rebusque
585 2945 711 2995 Ιιαιιά
728 2947 969 3010 prosperis
983 2947 1117 3005 bello,
1134 2950 1315 2998 domes·

257 3019 347 3070 tica
378 3023 537 3087 quies]
574 3023 734 3072 Rebus
766 3024 893 3072 haud
922 3027 1163 3088 prosperis
1199 3027 1316 3075 bello

259 3097 465 3149 Gaertn.
498 3100 785 3150 rebusltaud
799 3102 1017 3165 properis
1033 3102 1150 3151 bello
1174 3103 1315 3151 Flor.

260 3174 380 3224 Tum
401 3177 530 3226 bello
558 3178 710 3232 domo,
740 3177 995 3227 domestica
1014 3177 1145 3240 quies
1165 3180 1315 3228 Voss.

262 3255 304 3300 1.-
340 3257 394 3302 et
436 3253 673 3313 Leid..2.
739 3253 880 3305 Mox.
905 3258 1004 3305 tam
1044 3254 1159 3303 trib.
1194 3254 1318 3311 mil„

261 3343 392 3392 quam
422 3331 577 3394 plebis
604 3332 771 3393 gratia
806 3330 1160 3394 Mestumque
1190 3331 1320 3381 inter

260 3420 360 3457 suos
383 3410 505 3459 [ιον.
523 3414 575 3458 2.
644 3408 893 3471 Rebusque
920 3408 1050 3458 haud
1080 3411 1321 3472 prosperis

264 3483 372 3534 bello
389 3486 641 3537 domestico
655 3486 788 3548 quies
808 3492 910 3534 tam
928 3485 1045 3536 trib.
1067 3486 1167 3535 mil.
1182 3501 1336 3548 quum-

259 3562 379 3625 pleb.
395 3565 567 3627 gratia
585 3564 925 3627 majestasque·
940 3578 1043 3625 quoe
1063 3563 1194 3612 inter
1213 3578 1321 3612 suos

267 3639 385 3689 Lov.
418 3645 468 3690 4.
515 3640 871 3702 maiestatisque
904 3639 1061 3688 etiam
1104 3640 1231 3689 Lov.
1268 3644 1318 3688 3.

268 3718 417 3767 verba
433 3716 577 3770 ‘inter
602 3731 723 3766 suos
756 3718 1000 3765 exsulant
1038 3731 1067 3764 a
1101 3715 1322 3765 Gaertn.

268 3806 373 3856 qnae
416 3795 490 3845 in·
514 3793 631 3843 aliis
676 3792 915 3843 omnibus
955 3801 1102 3842 recte
1142 3807 1319 3855 snper·

268 3876 398 3919 sunt.

331 3946 463 3996 Cae.
503 3958 666 3999 xxxx.
713 3948 744 4011 ς
777 3949 804 3994 l
859 3939 1084 3996 Tiibuais
1120 3946 1325 3997 militum

269 4024 498 4073 consulari
546 4023 809 4087 potestate]
869 4023 1067 4073 Tribuni
1120 4023 1325 4072 „alitam

271 4098 484 4150 Gaertn.
517 4100 657 4149 »Una
702 4113 826 4148 voce
858 4099 1061 4149 auctius
1100 4099 1326 4148 Tribunis

271 4177 470 4227 uelitum
487 4177 725 4228 consulari
743 4181 975 4237 potestate
995 4179 1170 4229 creatis
1193 4191 1325 4241 prae·

272 4249 443 4304 ferunt
475 4254 623 4304 Harl.
662 4258 713 4302 2.
747 4252 895 4302 Port.
929 4252 1148 4304 Gaertn.
1189 4254 1328 4307 Htw.

274 4338 326 4382 et
355 4331 573 4384 Hearnii
616 4330 792 4383 Oxou.
832 4329 892 4380 C.
941 4330 1104 4385 Male.
1149 4330 1213 4383 In
1248 4330 1327 4383 bis

2261 401 2449 471 8035*

1376 558 1511 608 enim
1535 559 1949 623 subintelligitur
1966 560 2297 625 participium
2322 579 2439 614 ver-

1376 636 1427 685 bi
1463 638 1792 700 substantivi,
1821 640 1960 703 qnod
1991 654 2092 689 non
2118 640 2350 690 adsecuti
2374 643 2436 690 {i-

1375 712 1532 763 brarii
1569 713 1695 763 illud
1716 716 1891 765 creatis
1914 715 2191 767 fulciendae
2214 717 2441 768 orationi

1377 790 1727 839 inseruerunt.
1797 791 1935 840 Vide
1979 792 2044 840 ad
2082 807 2158 842 tv.
2199 798 2282 844 47.
2319 796 2346 859 §
2384 800 2435 844 7.

1376 866 1465 915 nbi
1489 867 1726 917 similiter
1740 868 1792 916 in
1812 867 2118 932 quibusdam
2139 870 2293 920 codd.
2315 885 2437 934 pec-

1376 944 1612 1000 cabatur,
1657 958 1832 994 eorum
1890 944 2270 996 aberrationem
2317 962 2435 1012 pro·

1377 1019 1539 1069 hante
1563 1020 1793 1084 Sigonio.

1441 1096 1528 1161 Sp.
1553 1098 1723 1160 Furio,
1748 1099 1812 1153 Q.
1836 1097 2041 1148 Servilio
2056 1102 2324 1164 secandum,
2347 1102 2437 1152 Li-

1375 1175 1502 1223 cinio
1523 1176 1748 1224 Menenio
1771 1174 1904 1237 ΙΙΙ.]
1939 1175 2047 1225 Pro
2066 1176 2253 1226 Licinio
2274 1180 2441 1228 Mene·

1376 1251 1457 1299 nio
1501 1251 1611 1301 III.
1649 1249 1924 1315 legendum
1960 1259 2087 1316 puto
2136 1254 2197 1303 C.
2231 1254 2439 1305 Licinio.

1380 1328 1474 1377 Me
1505 1328 1555 1378 in
1589 1328 1720 1377 hanc
1744 1329 2054 1377 sententiam
2078 1328 2223 1379 ducit
2245 1331 2439 1381 Diodo-

1379 1419 1484 1462 rus,
1520 1404 1625 1470 qui.
1646 1412 1868 1470 quatuor
1899 1406 2044 1469 hujus
2069 1406 2187 1456 anni
2210 1408 2442 1459 tribunos

1378 1482 1601 1532 militum
1616 1483 1694 1531 his
1719 1482 2013 1532 nominibus
2031 1483 2163 1543 edit,
2185 1483 2324 1534 Bibl.
2348 1486 2459 1535 lib.-

1379 1571 1472 1609 xv.
1517 1574 1569 1622 p.
1615 1563 1732 1610 487.
1768 1556 1977 1609 Λεύκιος·
2000 1557 2209 1623 Φούριος,
2248 1560 2443 1613 Κόϊντος

1378 1636 1668 1699 Σερουΐλιος,
1686 1634 1823 1685 Γάϊος
1837 1635 2054 1699 Λικίνιος,
2066 1635 2281 1687 Πόπλιος
2293 1639 2440 1687 Kant-

1377 1722 1499 1764 λιος.
1565 1714 1702 1764 Item
1727 1715 1920 1773 Livius,
1954 1715 2332 1782 qnipostea0c.
2355 1721 2440 1767 39.

1379 1791 1395 1819 ‘
1414 1792 1474 1841 C.
1502 1791 1754 1842 Licinium
1773 1792 1788 1815 ’
1812 1807 1948 1850 eum,
1968 1793 2051 1857 qui
2073 1795 2264 1857 primus
2282 1810 2311 1844 e
2331 1797 2458 1859 ple--

1380 1867 1447 1918 be
1481 1869 1730 1932 magister
1763 1871 1994 1934 equitum
2028 1869 2148 1933 fuit,
2180 1871 2442 1922 tribunum

1380 1944 1596 1993 militum
1632 1944 1813 1994 scribit
1834 1943 2022 2006 fuisse3
2047 1960 2233 2010 neque·
2251 1954 2446 2009 tamen,

1380 2035 1482 2085 quo
1506 2035 1641 2070 anno
1664 2021 1846 2084 fuerit,
1872 2029 2061 2080 exstat,
2077 2023 2176 2073 nisi
2192 2023 2290 2073 hoc
2311 2039 2462 2072 anno·

1382 2089 1632 2148 dicamus.
1697 2100 1834 2149 Item
1872 2099 2009 2163 qnod
2037 2100 2172 2149 idem
2208 2101 2448 2164 sequenti

1384 2190 1522 2225 anno
1552 2175 1790 2225 tribunos
1820 2177 2037 2226 militnm
2067 2176 2317 2240 patricios
2338 2191 2463 2226 om··

1383 2267 1477 2302 nes
1500 2268 1530 2301 a
1549 2252 1701 2315 plebe
1722 2254 1888 2303 invita
1902 2252 2069 2303 factos
2084 2253 2266 2303 scribit
2284 2269 2298 2302 ε
2322 2270 2446 2318 qua·

1386 2328 1426 2377 si
1454 2344 1573 2378 vero
1597 2329 1692 2378 boc
1716 2329 1828 2392 ipso
1851 2344 1951 2378 uon
1975 2328 2383 2388 omnes-fuerint,
2402 2331 2449 2381 si

1385 2406 1595 2470 quidem
1633 2407 1723 2455 Ὀ.
1766 2404 2028 2456 Licinius’
2071 2420 2103 2456 e
2140 2406 2294 2471 plebe
2327 2406 2448 2467 fuit.

1385 2484 1539 2536 Quod
1570 2498 1694 2533 vero
1729 2485 1779 2533 in
1813 2484 2078 2537 veteribus
2112 2485 2269 2534 etiam
2303 2485 2448 2535 libris

1385 2560 1593 2624 legatur
1621 2559 1813 2611 Licinio
1834 2562 2061 2611 Menenio
2082 2561 2449 2613 III.-caussam

1387 2639 1681 2689 attulerunt
1713 2636 1942 2700 imperiti
1978 2637 2069 2686 illi.
2087 2638 2449 2688 emendatores

1388 2720 1599 2767 veteres
1637 2714 1991 2767 Nicomachus
2012 2722 2069 2765 et
2092 2717 2449 2779 Victorianus,

1389 2791 1480 2857 qui
1502 2791 1624 2856 quia
1647 2793 1967 2856 scripserant
1987 2792 2071 2843 bis
2081 2794 2324 2845 licinium
2341 2796 2467 2844 Me*

1389 2870 1579 2920 nenium
1598 2877 1731 2919 ante·
1743 2871 2026 2927 tribunum,
2042 2870 2140 2922 hoc
2155 2873 2310 2922 etiam
2332 2875 2469 2923 loeo¹

1390 2945 1578 2997 inscite
1620 2947 1961 3009 scripserunt,
2002 2948 2091 2998 ubi
2131 2949 2183 2997 in
2226 2947 2472 2999 Licinum·

1391 3022 1704 3084 inciderunt,
1746 3030 1805 3071 et
1847 3021 1914 3072 de
1958 3038 2050 3075 suo
2086 3024 2194 3074 111.
2235 3026 2453 3075 addide-

1393 3105 1532 3156 runt,
1553 3099 1782 3163 itemque
1805 3100 2095 3151 Menenium.
2127 3101 2304 3165 Sigon.
2369 3105 2452 3154 Si-

1392 3177 1547 3238 gonio
1576 3175 1837 3225 consentit
1859 3175 2074 3239 Pighius
2100 3170 2363 3229 iu-Annal.
2388 3180 2453 3230 ad

1393 3267 1689 3305 cccmxvt.
1721 3268 1773 3315 p.
1805 3256 1924 3303 242.
1994 3253 2256 3304 Damnata
2280 3262 2463 3306 tamen

1395 3331 1552 3380 lectio
1572 3329 1761 3378 Licinio
1774 3328 1999 3379 Menenio
2013 3329 2120 3381 III.
2140 3333 2222 3380 vel
2245 3334 2457 3394 tertiam,

1394 3415 1636 3471 superest
1661 3407 1715 3457 in
1736 3406 1974 3457 omnibus
2006 3407 2216 3472 scriptis
2241 3408 2456 3461 Hearnii

1396 3481 1783 3534 oxoniensibus
1837 3482 2089 3546 meisque,
2155 3484 2251 3534 nisi
2317 3486 2475 3550 quod.

1395 3560 1598 3610 Lacinio
1621 3558 1843 3609 Menenio
1866 3559 1975 3607 III.
2000 3558 2288 3622 praeferant
2314 3564 2456 3615 Flor.

1396 3646 1451 3687 et
1477 3639 1601 3687 Lov.
1619 3641 1667 3684 ⁵.
1700 3635 1760 3683 L.
1781 3633 2004 3685 Menenio
2022 3635 2216 3684 tertium
2239 3636 2386 3689 Leid.
2406 3643 2463 3689 2.·

1397 3723 1454 3765 et
1485 3715 1611 3779 Lov.
1654 3717 1705 3762 4.
1770 3711 2044 3760 Praeterea
2076 3713 2226 3775 primi
2264 3714 2477 3764 tribunt

1362 3787 1585 3841 ‘nomen
1626 3790 1696 3839 ita
1735 3787 1950 3841 exhibet
1987 3787 2172 3851 fragm.
2200 3790 2337 3840 Hav.
2369 3791 2460 3854 Sp.

1400 3868 1640 3930 Fui-ioque
1667 3865 1767 3914 110.
1804 3864 2015 3915 secundi
2055 3879 2176 3914 vero
2198 3866 2285 3916 hic
2307 3870 2460 3917 omit-

1398 3944 1489 4005 tit,
1509 3943 1599 3992 sed
1623 3942 1739 4005 ejus
1762 3941 1878 3989 loco
1900 3947 2015 4003 post
2047 3941 2127 3991 M.
2151 3942 2360 3991 Horatio
2384 3945 2462 3995 in-

1402 4019 1634 4085 terponit
1669 4017 1972 4083 Q.⁴Servz·11'o
2003 4018 2081 4066 M.
2147 4018 2221 4068 At
2246 4021 2505 4072 Gaertn..·

1402 4096 1618 4146 duorum
1656 4095 1863 4144 illorum
1892 4095 2356 4157 priorum-nomina
2387 4100 2465 4149 ita

1400 4172 1618 4225 confuse
1650 4169 1824 4234 effert,
1861 4171 2039 4234 Spurio
2070 4171 2326 4237 Servilioq3
2364 4176 2479 4226 11⁰.-

1406 4251 1554 4302 Furio
1580 4247 1796 4305 Quintio.
1854 4247 1981 4297 Lov.
2007 4251 2056 4298 2.
2079 4248 2164 4312 Sp.
2180 4268 2183 4271 ·
2199 4250 2465 4314 Spmioque

1363 4351 1368 4362 =
1404 4326 1610 4382 Servilio
1631 4326 1898 4383 secundum.
1955 4325 2085 4380 LoV.
2107 4329 2158 4379 3.
2174 4325 2265 4391 Sp.
2291 4328 2464 4379 Endo-
