2934 4925
753 409 822 456 Τ.
871 408 1058 458 mvn
1109 407 1309 457 ms‘r.
1355 407 1505 455 mn.
1552 408 1622 454 v.
1668 408 1835 457 cAe.
1874 391 1982 458 31.

266 551 414 601 Voss.
447 557 500 603 2.
546 551 673 601 Lov.
695 555 745 601 3.
779 559 833 602 et
861 553 1080 603 Gaertn.
1140 552 1321 602 Mami·

263 630 354 678 lius
370 630 419 678 in
445 624 581 680 Lov:
605 636 654 679 5.
680 628 828 678 Harl.
850 635 900 680 2.
924 638 977 681 et
1001 631 1151 680 Port.
1216 628 1319 679 Sed

262 705 449 769 passim
488 706 568 755 ita
603 700 777 756 errant
808 706 1021 756 librarii.
1087 707 1223 757 Vide
1255 706 1319 756 ad

258 795 319 831 11.
355 785 441 831 43.
474 782 502 846 §
540 787 623 832 11.
669 791 725 831 et
755 781 820 831 ad
862 797 1064 835 xxxiv·
1087 784 1181 832 63.
1213 787 1241 849 §
1272 788 1320 833 2.

256 856 463 921 Deinde
495 858 577 907 cui
604 858 852 922 Capitolii
879 864 1042 921 postea
1054 859 1158 918 suit
1182 875 1318 922 cogn.

257 933 382 984 Lov.
429 937 478 982 1.
538 934 619 982 cui
664 934 964 996 Capitolinus
1014 941 1174 998 postea
1213 935 1320 997 fuit

251 1008 386 1071 cogn.
424 1008 561 1063 Lov,
595 1014 646 1060 2.
679 1012 777 1060 cui
811 1011 1132 1074 Capitolinum
1158 1017 1321 1075 postea

236 1087 343 1146 fuit
373 1103 519 1150 cogn.
546 1089 698 1138 Voss.
733 1092 779 1137 1.
812 1095 868 1139 et
896 1089 1042 1138 Leid.
1074 1093 1123 1138 2.
1158 1089 1319 1140 Male.

251 1165 386 1214 Vide
412 1165 656 1215 Gronov.
681 1165 746 1215 ad
773 1179 810 1215 t.
835 1170 884 1215 3.
907 1170 1001 1232 §⁶7.
1023 1174 1077 1217 et
1095 1183 1207 1232 quoe
1226 1183 1318 1218 no-

249 1242 351 1292 tavi
374 1241 442 1290 ad
465 1242 587 1292 Silii
623 1256 705 1292 11.
743 1246 826 1292 68.
895 1243 1104 1294 Deinde
1135 1260 1315 1296 vocem

246 1316 405 1378 eliam,
430 1334 592 1384 quam
616 1320 909 1370 Gronovius
933 1320 983 1369 in
1008 1328 1314 1374 contextum

246 1397 464 1461 recepit,
503 1407 699 1462 praeter
726 1413 885 1449 unum
910 1399 1066 1451 Voss.
1090 1406 1140 1450 2.
1162 1401 1226 1450 ab
1249 1417 1315 1452 eo

234 1476 342 1540 jam
392 1482 758 1537 memoratum,
803 1476 953 1542 eique
1010 1478 1314 1544 plerumque

244 1553 667 1603 consentientem
701 1554 834 1603 LoV.
877 1559 925 1604 3.
961 1557 1133 1605 nullus
1172 1570 1313 1608 meo·-

243 1643 354 1678 rum
378 1629 540 1679 codd.
567 1631 832 1693 agnoscit3
855 1634 1060 1682 exsulat
1076 1634 1229 1683 etism
1248 1636 1312 1684 ab

244 1705 462 1755 Hearnii
500 1708 564 1756 L.
597 1711 647 1756 2.
678 1708 744 1756 Β.
784 1707 852 1757 N.
887 1715 944 1757 et
976 1709 1035 1757 C.
1103 1711 1181 1759 Ea
1211 1725 1312 1760 vox

240 1788 437 1845 autem,
471 1782 517 1832 si
545 1782 866 1833 admittenda
897 1784 982 1848 sit,
1017 1790 1190 1834 utrum
1221 1786 1312 1835 ad-

240 1858 351 1908 dita
372 1857 562 1923 fuerit,
596 1856 737 1924 quod
770 1860 1046 1912 Quinctius
1076 1864 1313 1912 similiter

239 1935 531 1998 Capitolini
554 1941 839 1999 cognomen
858 1938 1115 1995 habuerit,
1134 1955 1308 2005 quem-

239 2010 523 2061 admodum
542 2013 834 2062 Gronovius
857 2015 1139 2073 existimat,
1159 2018 1309 2067 vehe-

236 2095 443 2138 menter
488 2084 691 2139 dubito.
759 2089 844 2139 An
884 2106 983 2140 non
1023 2093 1307 2154 simplicius

236 2164 470 2228 videtur,
499 2166 703 2216 Livium
728 2181 791 2215 eo
812 2167 1043 2218 indicare
1069 2171 1309 2228 voluisse,

237 2241 412 2292 eidem
455 2243 540 2292 M.
579 2243 777 2292 Manlio
815 2253 998 2307 postea
1041 2245 1179 2294 sliud
1218 2262 1308 2295 no-

235 2334 375 2385 men,
392 2338 397 2345 ·
415 2330 475 2371 et
500 2321 709 2386 quidem
738 2322 1001 2386 Capitolini
1022 2325 1308 2386 inpositum

234 2396 440 2446 fuisse?
463 2417 469 2422 ·
511 2398 686 2462 Supra
704 2412 781 2447 lv.
803 2403 883 2449 26.
906 2405 921 2428 ‘
940 2400 1004 2450 T.
1029 2401 1307 2452 Quinctius

235 2476 295 2525 L.
332 2477 400 2526 F.
438 2476 782 2526 Cincinnatus
806 2477 1002 2540 (eidem
1032 2482 1088 2526 et
1123 2480 1307 2528 Penuo

235 2567 533 2616 cognomen
557 2551 793 2618 additur)
818 2562 872 2604 et
895 2555 955 2603 C.
970 2555 1140 2606 Julius
1157 2556 1307 2604 Men·-

235 2636 285 2679 to
305 2631 557 2679 consules
573 2628 737 2680 facti.'
804 2629 1051 2680 Ceterum
1070 2632 1109 2680 si
1127 2632 1304 2681 Livius

233 2705 482 2756 addendo
521 2713 688 2769 postea
727 2707 959 2757 indicare
1005 2710 1187 2772 voluit,
1232 2709 1308 2758 Μ.

232 2783 514 2841 Manlium,
562 2792 838 2849 autequam
875 2785 1057 2835 Gallos
1093 2786 1306 2849 Capito·

233 2861 358 2910 lium
382 2861 697 2912 scandentes
721 2861 1037 2924 deturbarit,
1060 2872 1114 2912 et
1131 2878 1303 2912 arcem

233 2937 520 2987 Romanam
549 2939 614 2986 ab
643 2938 925 2987 inminente
954 2941 1183 3001 periculo
1201 2949 1304 2988 ser-

233 3016 388 3077 varit,
414 3022 431 3044 ‘
453 3015 736 3079 Capitolini
751 3013 766 3035 ’
788 3025 1070 3078 cognomen
1093 3030 1196 3066 non
1217 3018 1306 3065 ha·

230 3090 431 3154 inisse,
472 3092 679 3142 diversa
710 3092 872 3141 sentit
907 3107 938 3141 a
968 3093 1194 3156 Dionys.
1216 3092 1303 3157 qui

232 3165 417 3233 Autiq.
451 3168 545 3219 lib.
573 3182 611 3217 1.
639 3182 690 3232 p.
725 3171 808 3217 61.
828 3168 938 3232 jam
964 3168 1161 3217 Manlio
1185 3183 1303 3217 cou-

233 3246 329 3295 suli
354 3244 409 3296 id
434 3245 634 3295 tribuit.
670 3245 752 3296 Ne
777 3246 892 3311 quis
917 3260 1040 3294 vero
1064 3261 1160 3309 per
1184 3261 1302 3308 pro-

230 3323 397 3387 lepsin
425 3322 479 3372 id
501 3321 700 3374 factum
719 3328 887 3386 putet,
909 3338 975 3373 ex
1003 3324 1174 3372 Fastis
1199 3324 1299 3373 Ca-

230 3400 463 3464 'pitolinis
487 3406 721 3462 constat,·
730 3399 840 3463 jam
867 3400 994 3448 alios
1018 3407 1140 3449 ante
1164 3400 1299 3449 hunc

229 3476 306 3527 M.
353 3476 608 3526 Manlium
647 3483 703 3526 et
738 3476 1090 3540 Capitolinum
1132 3478 1196 3526 ab
1234 3492 1297 3526 eo

231 3553 504 3605 defensum
528 3562 542 3584 ‘
563 3553 849 3616 Capitolini
866 3552 880 3574 '
903 3567 1186 3617 cognomen
1209 3553 1297 3600 ha-

232 3630 435 3682 buisse.
494 3631 579 3681 Ita
624 3630 691 3680 A.
731 3627 981 3689 Manlius,
1023 3630 1111 3694 qui
1156 3629 1295 3693 apud

230 3709 434 3759 Livium
460 3721 538 3758 lv-
559 3710 641 3757 61.
670 3708 908 3757 tribunus
933 3708 1149 3756 militum
1173 3702 1297 3755 con-'-

231 3788 385 3836 'sulari
424 3791 688 3849 potestate
723 3783 903 3841 fuisse.
933 3792 990 3833 et
1023 3799 1078 3834 v.
1100 3789 1148 3833 8.
1181 3798 1295 3832 eam

230 3864 542 3928 'dignitatem
582 3863 769 3912 iterum
818 3863 1039 3924 gessisse
1081 3862 1294 3923 diciturg

231 3940 282 3989 iu
301 3941 473 3990 Fastis
495 3939 597 3989 iltis
619 3953 674 3989 A.
701 3952 965 3990 MAnmvS.
986 3952 1041 3990 A.
1059 3952 1110 3990 r.
1129 3952 1214 3987 cn.
1237 3951 1294 3987 u.

230 4021 426 4069 ¹vvrjso.
457 4012 788 4068 esula-0111«.
814 4028 1047 4067 vocatur.
1116 4016 1294 4068 Livius

231 4099 406 4163 itaque
432 4098 667 4148 indicare
694 4098 912 4147 voluisse
939 4097 1292 4157 videtur,eum

231 4177 512 4241 'cognomen
548 4178 564 4203 ‘
585 4173 908 4238 Capitolini‚'
947 4176 1084 4239 qu'od
1131 4174 1294 4223 multo

233 4255 370 4317 prius
391 4254 443 4302 iu
462 4268 524 4303 ea
546 4251 743 4301 familia
764 4248 886 4312 fuit,
907 4251 1027 4316 quis
1050 4248 1294 4299 fortassis

232 4329 438 4380 Manlia!
483 4328 657 4394 gentis
713 4326 895 4377 domus
951 4325 1295 4379 celeberrimo

2284 390 2460 459 ⁰76&

1397 549 1449 601 iu
1466 551 1724 616 Capitolio
1740 551 1904 614 stetit,
1918 564 2036 615 quse
2052 564 2168 600 cnm
2186 548 2306 615 ipso
2318 539 2460 614 postss

1397 643 1461 678 es
1506 630 1754 679 damnata
1787 628 2003 692 interiit,
2040 630 2203 678 multo
2243 629 2460 691 praecis·-

1396 706 1504 755 rius
1519 707 1802 755 reddidisse
1818 722 1833 767 ς
1849 705 2275 770 quemadmodum
2294 706 2456 770 conji-

1396 784 1467 832 cit
1495 784 1707 847 Pighius
1732 784 1782 832 iu
1806 783 1993 832 Anusl.
2018 782 2080 831 sd
2098 797 2144 831 a.
2164 795 2378 833 occur.
2405 798 2457 846 p.

1395 863 1512 910 222.
1529 860 1637 908 sive
1656 873 1941 924 cognomen
1966 867 1981 889 ⁸
1999 858 2318 922 Capitolini‚’
2331 860 2454 908 olim

1397 938 1677 1001 majoribus
1712 938 1951 997 inditum,
1973 936 2272 986 defensione
2297 937 2462 1001 Capi·'

1396 1015 1509 1064 tolli
1532 1014 1598 1063 ab
1621 1023 1875 1063 nocturna
1899 1014 2165 1064 Gallorum
2186 1013 2460 1077 obpugna·.

1395 1093 1537 1143 tione
1571 1093 1620 1142 ei
1655 1091 2009 1142 confirmatum
2034 1106 2162 1141 esse.
2227 1091 2361 1141 Vide
2384 1093 2453 1141 ad

1393 1186 1474 1222 11.
1498 1176 1576 1221 16.
1598 1174 1627 1235 ξ
1650 1176 1731 1222 13.
1795 1171 2042 1235 Denique
2066 1171 2451 1236 commensura,

1396 1249 1496 1298 alio
1517 1247 1716 1308 ordine,
1738 1246 1867 1308 legit
1891 1246 2029 1295 Hav.
2162 1264 2168 1270 ·

1461 1326 1590 1380 Quos
1631 1325 1708 1374 M.
1766 1323 1945 1373 Furius
1996 1323 2205 1371 dictator
2256 1328 2456 1372 voverat¹

1400 1402 1589 1453 Veienti
1621 1401 1760 1465 bello]
1797 1401 1927 1457 Quos
1958 1399 2083 1450 idem
2120 1399 2298 1450 Furius
2330 1401 2456 1450 dict:

1393 1479 1612 1528 Hearuii
1649 1478 1823 1527 Oxou.
1859 1479 1917 1527 L.
1954 1480 2003 1526 2.
2073 1477 2233 1538 Puto,
2252 1490 2347 1539 pro
2370 1478 2447 1525 M.

1391 1557 1589 1619 Furius,
1614 1555 1779 1620 primo
1808 1555 2058 1617 scriptum
2085 1550 2241 1602 fuisse
2265 1555 2317 1603 ἰιῖ
2353 1554 2450 1603 Fu·

1389 1636 1513 1691 rius,
1545 1634 1598 1683 id
1635 1639 1718 1682 est
1741 1633 1851 1682 inde
1874 1631 2055 1682 Furius
2070 1647 2089 1690 ;
2110 1631 2364 1696 quomodo
2388 1631 2449 1680 li-

1385 1709 1590 1776 ¹brarios
1615 1724 1884 1774 peccasse,
1920 1707 2144 1757 vidimus
2174 1707 2239 1757 sd
2263 1721 2339 1757 nr.
2363 1712 2446 1757 52.

1387 1789 1490 1851 §4.
1557 1786 1715 1836 Certe
1745 1785 1859 1834 inde
1896 1784 1976 1833 hic
2010 1783 2222 1834 exhibet
2245 1784 2372 1832 Lov.
2394 1788 2445 1834 4.

1386 1865 1441 1914 in
1473 1865 1599 1914 Lov.
1637 1869 1688 1912 5.
1751 1864 1833 1912 Ex
1866 1862 1976 1911 inde
2019 1874 2161 1918 vero,
2205 1861 2312 1910 sive
2345 1863 2445 1922 ide,

1388 1948 1575 2006 postea
1612 1942 1812 1990 factum
1844 1954 1959 1989 esse
1998 1939 2099 2000 id‘e’,
2141 1939 2251 1988 sive
2283 1939 2407 1987 idem
2428 1955 2448 1995 ,-

1386 2033 1523 2080 nam,
1562 2024 1620 2067 et
1653 2017 1751 2066 hoc
1782 2015 1934 2067 modo
1958 2031 2044 2066 eos
2066 2024 2242 2065 errare
2263 2015 2444 2064 solitos

1385 2110 1520 2154 esse,
1552 2095 1769 2143 vidimus
1804 2093 1867 2141 ad
1902 2107 1940 2141 t.
1963 2096 2044 2142 19.
2067 2094 2094 2157 §
2118 2097 2169 2140 7.
2220 2107 2335 2154 quos
2371 2091 2445 2139 M.

1355 2220 1361 2239 Ι
1385 2172 1567 2221 Furius
1606 2171 1834 2219 Camillus
1859 2170 2067 2219 dictator
2095 2166 2309 2232 praefert
2333 2168 2443 2217 Ox·

1384 2262 1466 2296 on.
1490 2250 1553 2296 Β.
1578 2249 1710 2309 apud
1737 2245 1973 2296 eumdem
1998 2244 2302 2294 Hearninm.
2337 2243 2443 2292 Sed

1384 2325 1554 2373 nullus
1593 2337 1657 2372 ex
1695 2324 1817 2371 meis
1853 2321 1992 2371 Furii
2026 2319 2304 2370 dictatoris
2321 2334 2443 2383 cog-

1386 2415 1570 2450 nomeu
1609 2400 1840 2449 Camillus
1869 2397 2142 2462 exprimit:
2179 2409 2336 2462 quare
2360 2397 2443 2445 vel

1384 2493 1414 2527 a
1437 2478 1642 2526 librario
1678 2476 1825 2525 unius
1853 2476 2002 2524 istius
2031 2473 2232 2524 codicis·
2253 2479 2444 2537 sponte

1381 2554 1636 2614 additum,
1664 2552 1748 2601 vel
1784 2565 1851 2601 ex
1886 2551 2115 2614 margins
2142 2551 2194 2599 in
2227 2557 2448 2599 contexa

1332 2635 1337 2640 ’
1382 2639 1490 2681 tum
1543 2629 1821 2693 inrepsisse
1865 2637 2011 2692 puto.
2041 2641 2048 2654 ’
2074 2627 2298 2692 Insuper
2341 2641 2442 2678 vox

1379 2711 1575 2758 noverat
1608 2705 1939 2771 neglegentia
1982 2701 2184 2755 scribae¹
2206 2705 2353 2754 deest
2387 2705 2440 2755 in

1380 2785 1534 2835 Harl.
1594 2789 1642 2833 l.
1707 2784 1817 2846 ejus
1879 2783 1995 2830 loco
2034 2781 2233 2840 foverat
2283 2780 2444 2830 habet-

1381 2855 1600 2911 Gaertn.
1649 2871 1802 2923 quem
1844 2872 2074 2907 errorem
2111 2872 2175 2905 ex
2213 2857 2447 2921 inperite

1377 2940 1540 2990 verba
1563 2935 1841 3001 praeeuutis
1866 2933 2296 2999 pronunciatione
2321 2945 2441 2997 pro*-

1375 3016 1598 3067 fluxisse·
1627 3014 1916 3063 existimo.·
1951 3011 2093 3061 Alibi
2138 3012 2213 3060 ita
2257 3024 2438 3074 pecca-

1376 3096 1509 3156 tum,
1529 3093 1685 3142 docet
1711 3091 1829 3141 Nic.
1861 3089 2102 3139 Heinsius
2127 3088 2177 3136 iu
2201 3088 2351 3152 epist.
2371 3088 2438 3137 ad

1378 3171 1609 3220 Gronov‘.
1654 3182 1805 3229 quam
1848 3165 2015 3215 edidit
2060 3164 2339 3213 Burmann.
2384 3165 2436 3212 in

1376 3248 1651 3311 Syntagm.
1675 3245 1842 3306 Epist.
1866 3247 1991 3291 tom.
2008 3253 2170 3305 unp.
2193 3244 2309 3289 622.

1384 3339 1391 3344 ·
1442 3325 1470 3387 §
1496 3327 1524 3371 3
1560 3323 1738 3370 Eodem
1757 3334 1880 3369 ovino
1906 3319 2031 3369 oedes
2051 3318 2260 3367 Junonis
2286 3317 2436 3379 Regi·

1373 3415 1448 3449 noe
1486 3399 1547 3448 ab
1589 3400 1746 3447 eodem
1776 3397 2006 3445 dictatore
2040 3395 2285 3457 eademque
2321 3395 2446 3443 belle

1374 3471 1524 3539 volaJ'
1539 3476 1732 3523 Vocem
1762 3488 1885 3523 anuo
1907 3473 2244 3536 neglegenter
2264 3471 2442 3521 omisit

1373 3552 1613 3601 librarius
1637 3550 1787 3600 Leid.
1816 3555 1888 3599 2.·
1928 3549 2128 3597 Deinde
2163 3551 2436 3610 perperam

1373 3630 1554 3682 'scribit
1564 3643 1623 3676 ur
1636 3624 1968 3685 aedesjusionis
1982 3623 2131 3684 reg-ioe
2146 3623 2196 3672 in
2216 3623 2436 3672 Gsertu.

1374 3708 1570 3757 Vocem
1588 3704 1791 3765 Regina
1807 3704 1920 3750 sine
1937 3715 2120 3749 caussa
2140 3701 2324 3748 iterum
2349 3714 2437 3749 ex·

1371 3786 1513 3833 'sulat
1536 3783 1600 3831 ab
1634 3781 1817 3829 eodem
1846 3776 1994 3827 Leid.
2026 3780 2076 3825 2.
2100 3798 2103 3801 ’
2144 3776 2273 3824 Tum
2297 3791 2439 3839 eoque

1374 3862 1492 3911 bello
1513 3863 1622 3909 vota
1643 3857 1801 3905 habet
1824 3854 2045 3903 Gaertn.
2367 3877 2370 3882 -
2412 3869 2422 3878 v

1443 3936 1846 3995 Celebratumque-
1861 3929 2205 3979 dedicationem
2245 3928 2435 3988 ingenti

1372 4020 1694 4064 matronarum
1744 4007 1901 4058 studio
1954 4005 2203 4069 ἰττιᾱιιπεῙρ
2242 4006 2437 4055 Omnia

1368 4093 1487 4140 haec
1528 4086 1687 4137 verbu
1720 4086 1961 4133 exsulant
1992 4098 2021 4130 a
2043 4083 2194 4132 Voss.
2216 4086 2263 4131 2.
2317 4084 2434 4131 cele-

1373 4169 1677 4227 brumamque
1715 4161 1868 4210 dedic.
1901 4157 2146 4223 -nraefert
2194 4158 2344 4209 Voss.
2367 4164 2435 4209 ι1.

1366 4243 1766 4301 ‘celebr-cutemque
1794 4235 2134 4286 dedicationem
2171 4234 2298 4283 Lov.
2325 4237 2372 4282 1.
2399 4245 2432 4282 a

1372 4336 1440 4371 m.
1463 4332 1570 4368 sec.
1605 4329 1699 4381 pro
1725 4325 1831 4379 quo
1865 4324 2046 4362 manus
2068 4310 2238 4359 alters
2260 4323 2436 4360 emen-
