<?xml version="1.0" encoding="UTF-8"?>
<!DOCTYPE html PUBLIC "-//W3C//DTD XHTML 1.0 Transitional//EN"
    "http://www.w3.org/TR/xhtml1/DTD/xhtml1-transitional.dtd">
<html xmlns="http://www.w3.org/1999/xhtml" xml:lang="en" lang="en">
 <head>
  <title>
</title>
<meta http-equiv="Content-Type" content="text/html;charset=utf-8" />
  <meta name='ocr-system' content='tesseract 3.04.00' />
  <meta name='ocr-capabilities' content='ocr_page ocr_carea ocr_par ocr_line ocrx_word'/>
</head>
<body>
  <div class='ocr_page' id='page_1' title='image "./tliviipatavinih12unkngoog_0336.png"; bbox 0 0 2934 4925; ppageno 0'>
   <div class='ocr_carea' id='block_1_1' title="bbox 435 370 651 439">
    <p class='ocr_par' dir='ltr' id='par_1_1' title="bbox 435 370 651 439">
     <span class='ocr_line' id='line_1_1' title="bbox 435 370 651 439; baseline 0 0"><span class='ocrx_word' id='word_1_1' title='bbox 435 370 651 439; x_wconf 54' lang='lat'>„27842</span> 
     </span>
    </p>
   </div>
   <div class='ocr_carea' id='block_1_2' title="bbox 424 528 1534 4349">
    <p class='ocr_par' dir='ltr' id='par_1_2' title="bbox 458 528 1534 2203">
     <span class='ocr_line' id='line_1_2' title="bbox 477 528 1534 595; baseline -0.002 -13"><span class='ocrx_word' id='word_1_2' title='bbox 477 531 650 582; x_wconf 83' lang='lat' dir='ltr'>aliter·</span> <span class='ocrx_word' id='word_1_3' title='bbox 673 529 855 595; x_wconf 81' lang='lat' dir='ltr'>scripti</span> <span class='ocrx_word' id='word_1_4' title='bbox 901 528 1213 594; x_wconf 73' lang='lat' dir='ltr'>praeferant,</span> <span class='ocrx_word' id='word_1_5' title='bbox 1252 531 1350 580; x_wconf 77' lang='lat' dir='ltr'>uisi</span> <span class='ocrx_word' id='word_1_6' title='bbox 1396 529 1534 594; x_wconf 86' lang='lat' dir='ltr'>quod</span> 
     </span>
     <span class='ocr_line' id='line_1_3' title="bbox 474 605 1533 658; baseline 0 -1"><span class='ocrx_word' id='word_1_7' title='bbox 474 610 620 657; x_wconf 75' lang='lat' dir='ltr'>loetss</span> <span class='ocrx_word' id='word_1_8' title='bbox 649 607 722 657; x_wconf 87' lang='lat' dir='ltr'>sit</span> <span class='ocrx_word' id='word_1_9' title='bbox 754 607 806 657; x_wconf 89' lang='lat' dir='ltr'>in</span> <span class='ocrx_word' id='word_1_10' title='bbox 835 606 979 656; x_wconf 86' lang='lat' dir='ltr'>Leid.</span> <span class='ocrx_word' id='word_1_11' title='bbox 1001 610 1051 656; x_wconf 91' lang='grc'><strong>1.</strong></span> <span class='ocrx_word' id='word_1_12' title='bbox 1071 613 1126 658; x_wconf 86' lang='lat' dir='ltr'>et</span> <span class='ocrx_word' id='word_1_13' title='bbox 1151 606 1303 656; x_wconf 86' lang='lat' dir='ltr'>Harl.</span> <span class='ocrx_word' id='word_1_14' title='bbox 1324 610 1372 657; x_wconf 88' lang='lat'>1.</span> <span class='ocrx_word' id='word_1_15' title='bbox 1406 605 1533 657; x_wconf 83' lang='lat' dir='ltr'>Infi-</span> 
     </span>
     <span class='ocr_line' id='line_1_4' title="bbox 475 682 1530 734; baseline -0.001 -1"><span class='ocrx_word' id='word_1_16' title='bbox 475 683 601 733; x_wconf 88' lang='lat' dir='ltr'>nitis</span> <span class='ocrx_word' id='word_1_17' title='bbox 639 683 766 733; x_wconf 87' lang='lat' dir='ltr'>locis</span> <span class='ocrx_word' id='word_1_18' title='bbox 800 682 880 733; x_wconf 81' lang='lat' dir='ltr'>hae</span> <span class='ocrx_word' id='word_1_19' title='bbox 913 697 1070 733; x_wconf 85' lang='lat' dir='ltr'>voces</span> <span class='ocrx_word' id='word_1_20' title='bbox 1103 684 1408 734; x_wconf 85' lang='lat' dir='ltr'>commutari</span> <span class='ocrx_word' id='word_1_21' title='bbox 1449 697 1530 733; x_wconf 86' lang='lat' dir='ltr'>so·</span> 
     </span>
     <span class='ocr_line' id='line_1_5' title="bbox 473 758 1532 824; baseline 0.001 -16"><span class='ocrx_word' id='word_1_22' title='bbox 473 760 601 809; x_wconf 84' lang='lat' dir='ltr'>lent.</span> <span class='ocrx_word' id='word_1_23' title='bbox 649 759 787 809; x_wconf 87' lang='lat' dir='ltr'>Vide</span> <span class='ocrx_word' id='word_1_24' title='bbox 827 758 902 810; x_wconf 75' lang='lat' dir='ltr'>ad</span> <span class='ocrx_word' id='word_1_25' title='bbox 932 772 1013 808; x_wconf 75' lang='lat' dir='ltr'>rx.</span> <span class='ocrx_word' id='word_1_26' title='bbox 1051 762 1135 808; x_wconf 71' lang='lat'>88.</span> <span class='ocrx_word' id='word_1_27' title='bbox 1175 761 1203 823; x_wconf 64' lang='grc' dir='ltr'><strong>ς</strong></span> <span class='ocrx_word' id='word_1_28' title='bbox 1236 762 1286 808; x_wconf 79' lang='grc'><strong>4.</strong></span> <span class='ocrx_word' id='word_1_29' title='bbox 1323 766 1381 809; x_wconf 88' lang='lat' dir='ltr'>et</span> <span class='ocrx_word' id='word_1_30' title='bbox 1413 773 1532 824; x_wconf 68' lang='lat' dir='ltr'>qum</span> 
     </span>
     <span class='ocr_line' id='line_1_6' title="bbox 474 834 1531 887; baseline 0.001 -2"><span class='ocrx_word' id='word_1_31' title='bbox 474 843 631 885; x_wconf 83' lang='lat' dir='ltr'>antes</span> <span class='ocrx_word' id='word_1_32' title='bbox 653 835 829 885; x_wconf 81' lang='lat' dir='ltr'>notavi</span> <span class='ocrx_word' id='word_1_33' title='bbox 863 835 928 885; x_wconf 85' lang='lat' dir='ltr'>ad</span> <span class='ocrx_word' id='word_1_34' title='bbox 962 834 1076 886; x_wconf 88' lang='lat' dir='ltr'>Silii</span> <span class='ocrx_word' id='word_1_35' title='bbox 1110 849 1163 886; x_wconf 88' lang='lat' dir='ltr'>v.</span> <span class='ocrx_word' id='word_1_36' title='bbox 1197 840 1311 886; x_wconf 84' lang='grc'><strong>178.</strong></span> <span class='ocrx_word' id='word_1_37' title='bbox 1379 836 1531 887; x_wconf 82' lang='lat' dir='ltr'>Adde</span> 
     </span>
     <span class='ocr_line' id='line_1_7' title="bbox 473 911 1527 964; baseline 0.003 -3"><span class='ocrx_word' id='word_1_38' title='bbox 473 911 774 962; x_wconf 80' lang='lat' dir='ltr'>Markland.</span> <span class='ocrx_word' id='word_1_39' title='bbox 798 911 863 961; x_wconf 88' lang='lat' dir='ltr'>ad</span> <span class='ocrx_word' id='word_1_40' title='bbox 887 912 1020 962; x_wconf 81' lang='lat' dir='ltr'>Stat.</span> <span class='ocrx_word' id='word_1_41' title='bbox 1046 912 1175 962; x_wconf 84' lang='lat' dir='ltr'>Silv.</span> <span class='ocrx_word' id='word_1_42' title='bbox 1211 927 1252 963; x_wconf 84' lang='lat'>1.</span> <span class='ocrx_word' id='word_1_43' title='bbox 1272 917 1324 963; x_wconf 78' lang='lat'>6.</span> <span class='ocrx_word' id='word_1_44' title='bbox 1344 916 1426 963; x_wconf 77' lang='lat'>26.</span> <span class='ocrx_word' id='word_1_45' title='bbox 1449 921 1527 964; x_wconf 82' lang='lat' dir='ltr'>at-</span> 
     </span>
     <span class='ocr_line' id='line_1_8' title="bbox 473 988 1530 1053; baseline 0.002 -15"><span class='ocrx_word' id='word_1_46' title='bbox 473 1001 576 1052; x_wconf 79' lang='lat' dir='ltr'>que</span> <span class='ocrx_word' id='word_1_47' title='bbox 599 989 759 1039; x_wconf 87' lang='lat' dir='ltr'>Corte</span> <span class='ocrx_word' id='word_1_48' title='bbox 792 988 857 1040; x_wconf 85' lang='lat' dir='ltr'>ad</span> <span class='ocrx_word' id='word_1_49' title='bbox 894 989 1036 1039; x_wconf 88' lang='lat' dir='ltr'>Plin.</span> <span class='ocrx_word' id='word_1_50' title='bbox 1067 990 1167 1053; x_wconf 82' lang='lat' dir='ltr'>Ep.</span> <span class='ocrx_word' id='word_1_51' title='bbox 1191 1003 1231 1039; x_wconf 89' lang='grc' dir='ltr'>ι.</span> <span class='ocrx_word' id='word_1_52' title='bbox 1253 993 1335 1040; x_wconf 73' lang='lat'>82.</span> <span class='ocrx_word' id='word_1_53' title='bbox 1358 991 1530 1053; x_wconf 82' lang='lat' dir='ltr'>Epist.</span> 
     </span>
     <span class='ocr_line' id='line_1_9' title="bbox 472 1067 1529 1131; baseline 0.003 -16"><span class='ocrx_word' id='word_1_54' title='bbox 472 1079 535 1118; x_wconf 90' lang='grc' dir='ltr'>ιι.</span> <span class='ocrx_word' id='word_1_55' title='bbox 561 1072 612 1116; x_wconf 76' lang='lat'>5.</span> <span class='ocrx_word' id='word_1_56' title='bbox 629 1073 685 1117; x_wconf 82' lang='lat' dir='ltr'>st</span> <span class='ocrx_word' id='word_1_57' title='bbox 710 1067 879 1131; x_wconf 84' lang='lat' dir='ltr'>Epist.</span> <span class='ocrx_word' id='word_1_58' title='bbox 901 1080 990 1116; x_wconf 90' lang='grc' dir='ltr'><strong>ιιι.</strong></span> <span class='ocrx_word' id='word_1_59' title='bbox 1012 1070 1093 1117; x_wconf 86' lang='grc'><strong>18.</strong></span> <span class='ocrx_word' id='word_1_60' title='bbox 1149 1067 1373 1131; x_wconf 84' lang='lat' dir='ltr'>Insuper</span> <span class='ocrx_word' id='word_1_61' title='bbox 1394 1083 1529 1118; x_wconf 76' lang='lat' dir='ltr'>rena-</span> 
     </span>
     <span class='ocr_line' id='line_1_10' title="bbox 468 1144 1525 1197; baseline 0.001 -2"><span class='ocrx_word' id='word_1_62' title='bbox 468 1150 594 1195; x_wconf 74' lang='lat' dir='ltr'>oatoe</span> <span class='ocrx_word' id='word_1_63' title='bbox 615 1144 765 1195; x_wconf 83' lang='lat' dir='ltr'>Harl.</span> <span class='ocrx_word' id='word_1_64' title='bbox 788 1149 839 1195; x_wconf 72' lang='lat'>2.</span> <span class='ocrx_word' id='word_1_65' title='bbox 863 1152 918 1194; x_wconf 87' lang='lat' dir='ltr'>et</span> <span class='ocrx_word' id='word_1_66' title='bbox 941 1145 1081 1196; x_wconf 84' lang='lat' dir='ltr'>Hav.</span> <span class='ocrx_word' id='word_1_67' title='bbox 1126 1145 1326 1196; x_wconf 87' lang='lat' dir='ltr'>Colum.</span> <span class='ocrx_word' id='word_1_68' title='bbox 1351 1149 1525 1197; x_wconf 75' lang='lat' dir='ltr'>1v.22.</span> 
     </span>
     <span class='ocr_line' id='line_1_11' title="bbox 467 1217 1529 1285; baseline 0.001 -15"><span class='ocrx_word' id='word_1_69' title='bbox 467 1217 842 1285; x_wconf 79' lang='lat' dir='ltr'>‘Degeneres&#39;</span> <span class='ocrx_word' id='word_1_70' title='bbox 875 1221 1040 1271; x_wconf 69' lang='lat' dir='ltr'>vineo</span> <span class='ocrx_word' id='word_1_71' title='bbox 1076 1227 1093 1251; x_wconf 77' lang='lat'>⁸</span> <span class='ocrx_word' id='word_1_72' title='bbox 1114 1221 1270 1272; x_wconf 87' lang='lat' dir='ltr'>etism</span> <span class='ocrx_word' id='word_1_73' title='bbox 1308 1234 1529 1273; x_wconf 85' lang='lat' dir='ltr'>renova-</span> 
     </span>
     <span class='ocr_line' id='line_1_12' title="bbox 468 1296 1525 1362; baseline 0.003 -16"><span class='ocrx_word' id='word_1_74' title='bbox 468 1303 538 1346; x_wconf 62' lang='grc' dir='ltr'><strong>ιε</strong></span> <span class='ocrx_word' id='word_1_75' title='bbox 581 1296 857 1360; x_wconf 82' lang='lat' dir='ltr'>pristinum</span> <span class='ocrx_word' id='word_1_76' title='bbox 901 1296 1187 1348; x_wconf 84' lang='lat' dir='ltr'>servabunt</span> <span class='ocrx_word' id='word_1_77' title='bbox 1220 1297 1525 1362; x_wconf 60' lang='lat' dir='ltr'>ingenium?</span> 
     </span>
     <span class='ocr_line' id='line_1_13' title="bbox 467 1367 1526 1436; baseline 0.006 -16"><span class='ocrx_word' id='word_1_78' title='bbox 467 1385 586 1436; x_wconf 77' lang='lat' dir='ltr'>cap.</span> <span class='ocrx_word' id='word_1_79' title='bbox 626 1375 710 1422; x_wconf 75' lang='lat'>24.</span> <span class='ocrx_word' id='word_1_80' title='bbox 746 1367 857 1422; x_wconf 85' lang='lat' dir='ltr'>‘Ut</span> <span class='ocrx_word' id='word_1_81' title='bbox 893 1373 969 1423; x_wconf 84' lang='lat' dir='ltr'>sic</span> <span class='ocrx_word' id='word_1_82' title='bbox 1013 1374 1181 1424; x_wconf 80' lang='lat' dir='ltr'>recisa</span> <span class='ocrx_word' id='word_1_83' title='bbox 1217 1374 1338 1424; x_wconf 82' lang='lat' dir='ltr'>vitis</span> <span class='ocrx_word' id='word_1_84' title='bbox 1360 1390 1421 1425; x_wconf 88' lang='lat' dir='ltr'>ac</span> <span class='ocrx_word' id='word_1_85' title='bbox 1444 1381 1526 1427; x_wconf 72' lang='lat' dir='ltr'>te·</span> 
     </span>
     <span class='ocr_line' id='line_1_14' title="bbox 464 1451 1527 1515; baseline 0.006 -15"><span class='ocrx_word' id='word_1_86' title='bbox 464 1457 657 1500; x_wconf 80' lang='lat' dir='ltr'>novata</span> <span class='ocrx_word' id='word_1_87' title='bbox 679 1451 814 1500; x_wconf 84' lang='lat' dir='ltr'>intra</span> <span class='ocrx_word' id='word_1_88' title='bbox 826 1451 1008 1515; x_wconf 74' lang='lat' dir='ltr'>jugum</span> <span class='ocrx_word' id='word_1_89' title='bbox 1032 1452 1396 1503; x_wconf 67' lang='lat' dir='ltr'>contineatur!</span> <span class='ocrx_word' id='word_1_90' title='bbox 1418 1453 1527 1505; x_wconf 85' lang='lat' dir='ltr'>Sed</span> 
     </span>
     <span class='ocr_line' id='line_1_15' title="bbox 465 1527 1522 1592; baseline 0.008 -16"><span class='ocrx_word' id='word_1_91' title='bbox 465 1528 730 1589; x_wconf 68' lang='lat' dir='ltr'>vulgatum</span> <span class='ocrx_word' id='word_1_92' title='bbox 749 1527 1027 1592; x_wconf 79' lang='lat' dir='ltr'>genuinum</span> <span class='ocrx_word' id='word_1_93' title='bbox 1044 1536 1141 1580; x_wconf 85' lang='lat' dir='ltr'>est.</span> <span class='ocrx_word' id='word_1_94' title='bbox 1163 1529 1365 1581; x_wconf 87' lang='lat' dir='ltr'>Plinius</span> <span class='ocrx_word' id='word_1_95' title='bbox 1379 1531 1522 1584; x_wconf 87' lang='lat' dir='ltr'>Hist.</span> 
     </span>
     <span class='ocr_line' id='line_1_16' title="bbox 467 1604 1525 1672; baseline 0.005 -18"><span class='ocrx_word' id='word_1_96' title='bbox 467 1604 597 1654; x_wconf 86' lang='lat' dir='ltr'>Nat.</span> <span class='ocrx_word' id='word_1_97' title='bbox 621 1617 742 1655; x_wconf 83' lang='lat' dir='ltr'>xxi.</span> <span class='ocrx_word' id='word_1_98' title='bbox 760 1609 812 1654; x_wconf 81' lang='grc'><strong>8.</strong></span> <span class='ocrx_word' id='word_1_99' title='bbox 843 1611 858 1634; x_wconf 85' lang='lat'>‘</span> <span class='ocrx_word' id='word_1_100' title='bbox 878 1605 1070 1656; x_wconf 84' lang='lat' dir='ltr'>Mirum</span> <span class='ocrx_word' id='word_1_101' title='bbox 1095 1606 1148 1655; x_wconf 89' lang='lat' dir='ltr'>in</span> <span class='ocrx_word' id='word_1_102' title='bbox 1177 1620 1258 1664; x_wconf 84' lang='lat' dir='ltr'>eo,</span> <span class='ocrx_word' id='word_1_103' title='bbox 1293 1608 1525 1672; x_wconf 78' lang='lat' dir='ltr'>gaudere</span> 
     </span>
     <span class='ocr_line' id='line_1_17' title="bbox 464 1679 1521 1746; baseline 0.008 -17"><span class='ocrx_word' id='word_1_104' title='bbox 464 1679 700 1746; x_wconf 82' lang='lat' dir='ltr'>decerpi,</span> <span class='ocrx_word' id='word_1_105' title='bbox 733 1688 791 1731; x_wconf 87' lang='lat' dir='ltr'>et</span> <span class='ocrx_word' id='word_1_106' title='bbox 826 1682 995 1732; x_wconf 63' lang='lat' dir='ltr'>laetius</span> <span class='ocrx_word' id='word_1_107' title='bbox 1028 1683 1263 1733; x_wconf 84' lang='lat' dir='ltr'>renasci.&#39;</span> <span class='ocrx_word' id='word_1_108' title='bbox 1309 1696 1441 1735; x_wconf 83' lang='lat' dir='ltr'>xm.</span> <span class='ocrx_word' id='word_1_109' title='bbox 1469 1690 1521 1737; x_wconf 84' lang='grc'><strong>4.</strong></span> 
     </span>
     <span class='ocr_line' id='line_1_18' title="bbox 460 1754 1519 1825; baseline 0.005 -17"><span class='ocrx_word' id='word_1_110' title='bbox 460 1754 795 1825; x_wconf 65' lang='lat' dir='ltr'>‘uirumque</span> <span class='ocrx_word' id='word_1_111' title='bbox 837 1757 904 1808; x_wconf 89' lang='lat' dir='ltr'>de</span> <span class='ocrx_word' id='word_1_112' title='bbox 951 1772 1016 1809; x_wconf 84' lang='lat' dir='ltr'>ea</span> <span class='ocrx_word' id='word_1_113' title='bbox 1053 1760 1369 1824; x_wconf 78' lang='lat' dir='ltr'>accepimus,</span> <span class='ocrx_word' id='word_1_114' title='bbox 1401 1775 1519 1812; x_wconf 89' lang='lat' dir='ltr'>cum</span> 
     </span>
     <span class='ocr_line' id='line_1_19' title="bbox 462 1833 1520 1902; baseline 0.006 -19"><span class='ocrx_word' id='word_1_115' title='bbox 462 1833 703 1897; x_wconf 81' lang='lat' dir='ltr'>pboenice</span> <span class='ocrx_word' id='word_1_116' title='bbox 734 1847 847 1892; x_wconf 85' lang='lat' dir='ltr'>ave,</span> <span class='ocrx_word' id='word_1_117' title='bbox 880 1848 995 1900; x_wconf 67' lang='lat' dir='ltr'>qun</span> <span class='ocrx_word' id='word_1_118' title='bbox 1030 1842 1247 1899; x_wconf 84' lang='lat' dir='ltr'>putatur</span> <span class='ocrx_word' id='word_1_119' title='bbox 1274 1850 1343 1886; x_wconf 79' lang='lat' dir='ltr'>ex</span> <span class='ocrx_word' id='word_1_120' title='bbox 1364 1837 1520 1902; x_wconf 84' lang='lat' dir='ltr'>hujus</span> 
     </span>
     <span class='ocr_line' id='line_1_20' title="bbox 464 1911 1518 1977; baseline 0.005 -18"><span class='ocrx_word' id='word_1_121' title='bbox 464 1911 650 1973; x_wconf 78' lang='lat' dir='ltr'>palmoe</span> <span class='ocrx_word' id='word_1_122' title='bbox 680 1917 990 1975; x_wconf 79' lang='lat' dir='ltr'>argumento</span> <span class='ocrx_word' id='word_1_123' title='bbox 1017 1924 1207 1961; x_wconf 85' lang='lat' dir='ltr'>nomen</span> <span class='ocrx_word' id='word_1_124' title='bbox 1230 1914 1518 1977; x_wconf 85' lang='lat' dir='ltr'>accepisse,</span> 
     </span>
     <span class='ocr_line' id='line_1_21' title="bbox 459 1988 1520 2054; baseline 0.005 -17"><span class='ocrx_word' id='word_1_125' title='bbox 459 1988 648 2039; x_wconf 85' lang='lat' dir='ltr'>iterum</span> <span class='ocrx_word' id='word_1_126' title='bbox 671 1990 819 2046; x_wconf 83' lang='lat' dir='ltr'>morl,</span> <span class='ocrx_word' id='word_1_127' title='bbox 849 2001 913 2039; x_wconf 87' lang='lat' dir='ltr'>ac</span> <span class='ocrx_word' id='word_1_128' title='bbox 941 1989 1144 2039; x_wconf 84' lang='lat' dir='ltr'>renasci</span> <span class='ocrx_word' id='word_1_129' title='bbox 1183 2003 1251 2040; x_wconf 84' lang='lat' dir='ltr'>ex</span> <span class='ocrx_word' id='word_1_130' title='bbox 1282 2003 1339 2039; x_wconf 82' lang='lat' dir='ltr'>se</span> <span class='ocrx_word' id='word_1_131' title='bbox 1371 1991 1520 2054; x_wconf 68' lang='lat' dir='ltr'>ipsa!</span> 
     </span>
     <span class='ocr_line' id='line_1_22' title="bbox 459 2063 1516 2129; baseline 0.006 -16"><span class='ocrx_word' id='word_1_132' title='bbox 459 2063 590 2114; x_wconf 77' lang='lat' dir='ltr'>Mos</span> <span class='ocrx_word' id='word_1_133' title='bbox 611 2070 929 2129; x_wconf 66' lang='lat' dir='ltr'>exponuntur,</span> <span class='ocrx_word' id='word_1_134' title='bbox 943 2079 1039 2129; x_wconf 82' lang='lat' dir='ltr'>pro</span> <span class='ocrx_word' id='word_1_135' title='bbox 1050 2070 1364 2129; x_wconf 68' lang='lat' dir='ltr'>exponentur,</span> <span class='ocrx_word' id='word_1_136' title='bbox 1378 2068 1516 2120; x_wconf 83' lang='lat' dir='ltr'>Flor.</span> 
     </span>
     <span class='ocr_line' id='line_1_23' title="bbox 458 2143 1308 2203; baseline 0.005 -13"><span class='ocrx_word' id='word_1_137' title='bbox 458 2154 489 2190; x_wconf 84' lang='lat' dir='ltr'>a</span> <span class='ocrx_word' id='word_1_138' title='bbox 510 2154 580 2191; x_wconf 88' lang='lat' dir='ltr'>m.</span> <span class='ocrx_word' id='word_1_139' title='bbox 598 2153 706 2191; x_wconf 90' lang='lat' dir='ltr'>sec.</span> <span class='ocrx_word' id='word_1_140' title='bbox 745 2146 1087 2203; x_wconf 62' lang='lat' dir='ltr'>ementur</span> <span class='ocrx_word' id='word_1_141' title='bbox 1109 2143 1237 2192; x_wconf 84' lang='lat' dir='ltr'>Lov.</span> <span class='ocrx_word' id='word_1_142' title='bbox 1257 2147 1308 2194; x_wconf 71' lang='lat'>³.</span> 
     </span>
    </p>

    <p class='ocr_par' dir='ltr' id='par_1_3' title="bbox 424 2217 1515 4349">
     <span class='ocr_line' id='line_1_24' title="bbox 467 2217 1515 2282; baseline 0.007 -17"><span class='ocrx_word' id='word_1_143' title='bbox 467 2243 472 2249; x_wconf 89' lang='lat'><strong>·</strong></span> <span class='ocrx_word' id='word_1_144' title='bbox 521 2220 550 2282; x_wconf 58' lang='grc' dir='ltr'><strong>ξ</strong></span> <span class='ocrx_word' id='word_1_145' title='bbox 582 2221 614 2267; x_wconf 77' lang='grc'><strong>4</strong></span> <span class='ocrx_word' id='word_1_146' title='bbox 650 2218 870 2266; x_wconf 75' lang='lat' dir='ltr'>Ceteram</span> <span class='ocrx_word' id='word_1_147' title='bbox 905 2217 1061 2277; x_wconf 72' lang='lat' dir='ltr'>priua·</span> <span class='ocrx_word' id='word_1_148' title='bbox 1101 2231 1190 2282; x_wconf 68' lang='lat' dir='ltr'>qao</span> <span class='ocrx_word' id='word_1_149' title='bbox 1228 2221 1515 2272; x_wconf 72' lang='lat' dir='ltr'>adminicslo</span> 
     </span>
     <span class='ocr_line' id='line_1_25' title="bbox 455 2291 1513 2357; baseline 0.003 -13"><span class='ocrx_word' id='word_1_150' title='bbox 455 2297 613 2346; x_wconf 73' lang='lat' dir='ltr'>erecto</span> <span class='ocrx_word' id='word_1_151' title='bbox 650 2291 779 2355; x_wconf 76' lang='lat' dir='ltr'>erat]</span> <span class='ocrx_word' id='word_1_152' title='bbox 817 2294 1057 2357; x_wconf 74' lang='lat' dir='ltr'>Lege-ex</span> <span class='ocrx_word' id='word_1_153' title='bbox 1082 2295 1344 2345; x_wconf 84' lang='lat' dir='ltr'>veteribus</span> <span class='ocrx_word' id='word_1_154' title='bbox 1367 2297 1513 2347; x_wconf 83' lang='lat' dir='ltr'>libris</span> 
     </span>
     <span class='ocr_line' id='line_1_26' title="bbox 460 2369 1513 2435; baseline 0.008 -18"><span class='ocrx_word' id='word_1_155' title='bbox 460 2369 683 2419; x_wconf 75' lang='lat' dir='ltr'>Ceterum</span> <span class='ocrx_word' id='word_1_156' title='bbox 702 2382 791 2432; x_wconf 73' lang='lat' dir='ltr'>qao</span> <span class='ocrx_word' id='word_1_157' title='bbox 808 2370 961 2432; x_wconf 71' lang='lat' dir='ltr'>prium</span> <span class='ocrx_word' id='word_1_158' title='bbox 981 2369 1108 2418; x_wconf 77' lang='lat' dir='ltr'>adm.</span> <span class='ocrx_word' id='word_1_159' title='bbox 1140 2370 1319 2435; x_wconf 77' lang='lat' dir='ltr'>Sigon.</span> <span class='ocrx_word' id='word_1_160' title='bbox 1375 2373 1513 2425; x_wconf 78' lang='lat' dir='ltr'>Lec-</span> 
     </span>
     <span class='ocr_line' id='line_1_27' title="bbox 453 2444 1511 2514; baseline 0.008 -20"><span class='ocrx_word' id='word_1_161' title='bbox 453 2444 666 2502; x_wconf 85' lang='lat' dir='ltr'>tiouem‚</span> <span class='ocrx_word' id='word_1_162' title='bbox 713 2458 830 2509; x_wconf 66' lang='lat' dir='ltr'>qum</span> <span class='ocrx_word' id='word_1_163' title='bbox 863 2445 913 2494; x_wconf 92' lang='lat' dir='ltr'>in</span> <span class='ocrx_word' id='word_1_164' title='bbox 954 2446 1166 2497; x_wconf 83' lang='lat' dir='ltr'>vetustis</span> <span class='ocrx_word' id='word_1_165' title='bbox 1198 2455 1324 2498; x_wconf 88' lang='lat' dir='ltr'>ante</span> <span class='ocrx_word' id='word_1_166' title='bbox 1359 2449 1511 2514; x_wconf 79' lang='lat' dir='ltr'>Sigo-</span> 
     </span>
     <span class='ocr_line' id='line_1_28' title="bbox 451 2521 1508 2589; baseline 0.007 -19"><span class='ocrx_word' id='word_1_167' title='bbox 451 2522 591 2571; x_wconf 87' lang='lat' dir='ltr'>nium</span> <span class='ocrx_word' id='word_1_168' title='bbox 606 2523 808 2572; x_wconf 77' lang='lat' dir='ltr'>excusis</span> <span class='ocrx_word' id='word_1_169' title='bbox 829 2521 972 2572; x_wconf 84' lang='lat' dir='ltr'>libris</span> <span class='ocrx_word' id='word_1_170' title='bbox 988 2521 1179 2583; x_wconf 82' lang='lat' dir='ltr'>fuerat,</span> <span class='ocrx_word' id='word_1_171' title='bbox 1196 2535 1435 2589; x_wconf 74' lang='lat' dir='ltr'>superest</span> <span class='ocrx_word' id='word_1_172' title='bbox 1455 2529 1508 2577; x_wconf 92' lang='lat' dir='ltr'>in</span> 
     </span>
     <span class='ocr_line' id='line_1_29' title="bbox 452 2597 1506 2655; baseline 0.009 -9"><span class='ocrx_word' id='word_1_173' title='bbox 452 2597 594 2648; x_wconf 84' lang='lat' dir='ltr'>Flor.</span> <span class='ocrx_word' id='word_1_174' title='bbox 619 2598 776 2648; x_wconf 84' lang='lat' dir='ltr'>Voss.</span> <span class='ocrx_word' id='word_1_175' title='bbox 810 2603 859 2648; x_wconf 76' lang='lat'>2.</span> <span class='ocrx_word' id='word_1_176' title='bbox 892 2598 1041 2649; x_wconf 86' lang='lat' dir='ltr'>Leid.</span> <span class='ocrx_word' id='word_1_177' title='bbox 1072 2603 1122 2650; x_wconf 89' lang='lat'>1.</span> <span class='ocrx_word' id='word_1_178' title='bbox 1158 2601 1286 2652; x_wconf 88' lang='lat' dir='ltr'>Lov.</span> <span class='ocrx_word' id='word_1_179' title='bbox 1315 2607 1365 2653; x_wconf 80' lang='grc'><strong>2.</strong></span> <span class='ocrx_word' id='word_1_180' title='bbox 1385 2607 1433 2654; x_wconf 72' lang='lat'>3.</span> <span class='ocrx_word' id='word_1_181' title='bbox 1451 2608 1506 2655; x_wconf 80' lang='grc'><strong>4.</strong></span> 
     </span>
     <span class='ocr_line' id='line_1_30' title="bbox 453 2670 1505 2744; baseline 0.01 -23"><span class='ocrx_word' id='word_1_182' title='bbox 453 2670 603 2722; x_wconf 82' lang='lat' dir='ltr'>Harl.</span> <span class='ocrx_word' id='word_1_183' title='bbox 626 2676 674 2724; x_wconf 89' lang='lat'>1.</span> <span class='ocrx_word' id='word_1_184' title='bbox 699 2675 917 2725; x_wconf 82' lang='lat' dir='ltr'>Gaertn.</span> <span class='ocrx_word' id='word_1_185' title='bbox 939 2676 1219 2727; x_wconf 81' lang='lat' dir='ltr'>Klockiau.</span> <span class='ocrx_word' id='word_1_186' title='bbox 1241 2685 1298 2729; x_wconf 86' lang='lat' dir='ltr'>ct</span> <span class='ocrx_word' id='word_1_187' title='bbox 1319 2678 1505 2744; x_wconf 82' lang='lat' dir='ltr'>fragm.</span> 
     </span>
     <span class='ocr_line' id='line_1_31' title="bbox 448 2749 1505 2808; baseline 0.009 -9"><span class='ocrx_word' id='word_1_188' title='bbox 448 2749 589 2800; x_wconf 86' lang='lat' dir='ltr'>Hav.</span> <span class='ocrx_word' id='word_1_189' title='bbox 654 2752 868 2802; x_wconf 78' lang='lat' dir='ltr'>Deinde</span> <span class='ocrx_word' id='word_1_190' title='bbox 900 2757 1056 2803; x_wconf 77' lang='lat' dir='ltr'>erecta</span> <span class='ocrx_word' id='word_1_191' title='bbox 1085 2759 1192 2804; x_wconf 80' lang='lat' dir='ltr'>erae</span> <span class='ocrx_word' id='word_1_192' title='bbox 1221 2757 1505 2808; x_wconf 55' lang='lat' dir='ltr'>&amp;minante</span> 
     </span>
     <span class='ocr_line' id='line_1_32' title="bbox 446 2825 1502 2885; baseline 0.009 -10"><span class='ocrx_word' id='word_1_193' title='bbox 446 2825 578 2877; x_wconf 60' lang='lat' dir='ltr'>lior.-</span> <span class='ocrx_word' id='word_1_194' title='bbox 598 2831 648 2876; x_wconf 76' lang='lat'>⁴.</span> <span class='ocrx_word' id='word_1_195' title='bbox 679 2828 963 2879; x_wconf 69' lang='lat' dir='ltr'>adminiculo</span> <span class='ocrx_word' id='word_1_196' title='bbox 989 2843 1044 2879; x_wconf 79' lang='lat' dir='ltr'>er</span> <span class='ocrx_word' id='word_1_197' title='bbox 1062 2830 1136 2879; x_wconf 78' lang='lat' dir='ltr'>ita</span> <span class='ocrx_word' id='word_1_198' title='bbox 1154 2836 1262 2881; x_wconf 71' lang='lat' dir='ltr'>erae</span> <span class='ocrx_word' id='word_1_199' title='bbox 1287 2833 1434 2883; x_wconf 80' lang='lat' dir='ltr'>Harl.</span> <span class='ocrx_word' id='word_1_200' title='bbox 1453 2838 1502 2885; x_wconf 85' lang='lat'>1.</span> 
     </span>
     <span class='ocr_line' id='line_1_33' title="bbox 445 2903 1502 2969; baseline 0.01 -18"><span class='ocrx_word' id='word_1_201' title='bbox 445 2903 731 2954; x_wconf 72' lang='lat' dir='ltr'>adminiculo</span> <span class='ocrx_word' id='word_1_202' title='bbox 750 2910 911 2969; x_wconf 70' lang='lat' dir='ltr'>erepta</span> <span class='ocrx_word' id='word_1_203' title='bbox 928 2912 1035 2957; x_wconf 80' lang='lat' dir='ltr'>erat</span> <span class='ocrx_word' id='word_1_204' title='bbox 1058 2908 1182 2957; x_wconf 80' lang='lat' dir='ltr'>Lov-</span> <span class='ocrx_word' id='word_1_205' title='bbox 1206 2913 1253 2959; x_wconf 89' lang='lat'>1.</span> <span class='ocrx_word' id='word_1_206' title='bbox 1274 2915 1324 2960; x_wconf 75' lang='grc' dir='ltr'><strong>ὅ.</strong></span> <span class='ocrx_word' id='word_1_207' title='bbox 1348 2911 1502 2962; x_wconf 87' lang='lat' dir='ltr'>Voss.</span> 
     </span>
     <span class='ocr_line' id='line_1_34' title="bbox 446 2980 1503 3039; baseline 0.009 -10"><span class='ocrx_word' id='word_1_208' title='bbox 446 2983 496 3031; x_wconf 72' lang='lat'>2.</span> <span class='ocrx_word' id='word_1_209' title='bbox 518 2987 574 3030; x_wconf 90' lang='lat' dir='ltr'>et</span> <span class='ocrx_word' id='word_1_210' title='bbox 597 2980 744 3031; x_wconf 88' lang='lat' dir='ltr'>Leid.</span> <span class='ocrx_word' id='word_1_211' title='bbox 766 2986 817 3031; x_wconf 76' lang='lat'>2.</span> <span class='ocrx_word' id='word_1_212' title='bbox 840 2982 962 3033; x_wconf 85' lang='lat' dir='ltr'>alibi</span> <span class='ocrx_word' id='word_1_213' title='bbox 985 2983 1142 3035; x_wconf 81' lang='lat' dir='ltr'>obvio</span> <span class='ocrx_word' id='word_1_214' title='bbox 1158 2999 1353 3039; x_wconf 80' lang='lat' dir='ltr'>errore.</span> <span class='ocrx_word' id='word_1_215' title='bbox 1411 2989 1503 3038; x_wconf 86' lang='lat' dir='ltr'>Vi·</span> 
     </span>
     <span class='ocr_line' id='line_1_35' title="bbox 443 3055 1501 3129; baseline 0.012 -25"><span class='ocrx_word' id='word_1_216' title='bbox 443 3055 511 3105; x_wconf 86' lang='lat' dir='ltr'>de</span> <span class='ocrx_word' id='word_1_217' title='bbox 534 3056 598 3106; x_wconf 85' lang='lat' dir='ltr'>ad</span> <span class='ocrx_word' id='word_1_218' title='bbox 633 3070 721 3107; x_wconf 86' lang='grc' dir='ltr'><strong>ιιι.</strong></span> <span class='ocrx_word' id='word_1_219' title='bbox 750 3063 801 3107; x_wconf 81' lang='grc'><strong>5.</strong></span> <span class='ocrx_word' id='word_1_220' title='bbox 820 3061 848 3124; x_wconf 61' lang='grc' dir='ltr'><strong>ς</strong></span> <span class='ocrx_word' id='word_1_221' title='bbox 870 3063 919 3109; x_wconf 80' lang='grc'><strong>7.</strong></span> <span class='ocrx_word' id='word_1_222' title='bbox 986 3060 1113 3124; x_wconf 85' lang='lat' dir='ltr'>Sed,</span> <span class='ocrx_word' id='word_1_223' title='bbox 1140 3067 1297 3113; x_wconf 72' lang='lat' dir='ltr'>erecta</span> <span class='ocrx_word' id='word_1_224' title='bbox 1318 3067 1501 3129; x_wconf 77' lang='lat' dir='ltr'>genui-</span> 
     </span>
     <span class='ocr_line' id='line_1_36' title="bbox 428 3135 1502 3197; baseline 0.011 -16"><span class='ocrx_word' id='word_1_225' title='bbox 428 3146 562 3183; x_wconf 83' lang='lat' dir='ltr'>·num</span> <span class='ocrx_word' id='word_1_226' title='bbox 585 3135 670 3184; x_wconf 86' lang='lat' dir='ltr'>hic</span> <span class='ocrx_word' id='word_1_227' title='bbox 691 3149 827 3197; x_wconf 87' lang='lat' dir='ltr'>esse,</span> <span class='ocrx_word' id='word_1_228' title='bbox 847 3137 1078 3187; x_wconf 75' lang='lat' dir='ltr'>ostendit</span> <span class='ocrx_word' id='word_1_229' title='bbox 1112 3139 1270 3190; x_wconf 87' lang='lat' dir='ltr'>etiam</span> <span class='ocrx_word' id='word_1_230' title='bbox 1294 3156 1393 3191; x_wconf 86' lang='lat' dir='ltr'>vox</span> <span class='ocrx_word' id='word_1_231' title='bbox 1414 3146 1502 3193; x_wconf 76' lang='lat' dir='ltr'>ad·</span> 
     </span>
     <span class='ocr_line' id='line_1_37' title="bbox 439 3210 1500 3278; baseline 0.01 -20"><span class='ocrx_word' id='word_1_232' title='bbox 439 3210 734 3272; x_wconf 70' lang='lat' dir='ltr'>minicalum,</span> <span class='ocrx_word' id='word_1_233' title='bbox 765 3225 902 3275; x_wconf 79' lang='lat' dir='ltr'>qnae,</span> <span class='ocrx_word' id='word_1_234' title='bbox 934 3226 999 3262; x_wconf 82' lang='lat' dir='ltr'>ex</span> <span class='ocrx_word' id='word_1_235' title='bbox 1032 3227 1089 3262; x_wconf 86' lang='lat' dir='ltr'>re</span> <span class='ocrx_word' id='word_1_236' title='bbox 1109 3217 1316 3278; x_wconf 69' lang='lat' dir='ltr'>agraria</span> <span class='ocrx_word' id='word_1_237' title='bbox 1337 3223 1500 3268; x_wconf 83' lang='lat' dir='ltr'>trans·</span> 
     </span>
     <span class='ocr_line' id='line_1_38' title="bbox 441 3289 1497 3359; baseline 0.012 -24"><span class='ocrx_word' id='word_1_238' title='bbox 441 3289 569 3343; x_wconf 79' lang='lat' dir='ltr'>lata,</span> <span class='ocrx_word' id='word_1_239' title='bbox 592 3289 805 3353; x_wconf 84' lang='lat' dir='ltr'>proprie</span> <span class='ocrx_word' id='word_1_240' title='bbox 841 3296 989 3339; x_wconf 81' lang='lat' dir='ltr'>notat</span> <span class='ocrx_word' id='word_1_241' title='bbox 1009 3289 1250 3350; x_wconf 83' lang='lat' dir='ltr'>fulcrum,</span> <span class='ocrx_word' id='word_1_242' title='bbox 1281 3309 1386 3359; x_wconf 86' lang='lat' dir='ltr'>quo</span> <span class='ocrx_word' id='word_1_243' title='bbox 1412 3299 1497 3348; x_wconf 89' lang='lat' dir='ltr'>vel</span> 
     </span>
     <span class='ocr_line' id='line_1_39' title="bbox 440 3365 1495 3434; baseline 0.013 -24"><span class='ocrx_word' id='word_1_244' title='bbox 440 3365 577 3415; x_wconf 74' lang='lat' dir='ltr'>vitas</span> <span class='ocrx_word' id='word_1_245' title='bbox 596 3371 784 3415; x_wconf 78' lang='lat' dir='ltr'>natura</span> <span class='ocrx_word' id='word_1_246' title='bbox 801 3365 1035 3422; x_wconf 73' lang='lat' dir='ltr'>caducoe,</span> <span class='ocrx_word' id='word_1_247' title='bbox 1051 3375 1107 3418; x_wconf 92' lang='lat' dir='ltr'>et</span> <span class='ocrx_word' id='word_1_248' title='bbox 1129 3384 1262 3434; x_wconf 64' lang='lat' dir='ltr'>que,</span> <span class='ocrx_word' id='word_1_249' title='bbox 1281 3372 1377 3421; x_wconf 87' lang='lat' dir='ltr'>nisi</span> <span class='ocrx_word' id='word_1_250' title='bbox 1395 3373 1495 3424; x_wconf 85' lang='lat' dir='ltr'>fnl-</span> 
     </span>
     <span class='ocr_line' id='line_1_40' title="bbox 440 3442 1496 3506; baseline 0.01 -15"><span class='ocrx_word' id='word_1_251' title='bbox 440 3448 509 3492; x_wconf 78' lang='lat' dir='ltr'>tae</span> <span class='ocrx_word' id='word_1_252' title='bbox 531 3442 655 3506; x_wconf 86' lang='lat' dir='ltr'>siut,</span> <span class='ocrx_word' id='word_1_253' title='bbox 683 3442 749 3491; x_wconf 86' lang='lat' dir='ltr'>ad</span> <span class='ocrx_word' id='word_1_254' title='bbox 783 3450 974 3493; x_wconf 84' lang='lat' dir='ltr'>terram</span> <span class='ocrx_word' id='word_1_255' title='bbox 1010 3443 1496 3506; x_wconf 70' lang='lat' dir='ltr'>semmai-‚susten-</span> 
     </span>
     <span class='ocr_line' id='line_1_41' title="bbox 436 3518 1492 3588; baseline 0.009 -21"><span class='ocrx_word' id='word_1_256' title='bbox 436 3524 636 3582; x_wconf 78' lang='lat' dir='ltr'>tantnr,</span> <span class='ocrx_word' id='word_1_257' title='bbox 657 3519 742 3568; x_wconf 91' lang='lat' dir='ltr'>vel</span> <span class='ocrx_word' id='word_1_258' title='bbox 773 3518 889 3570; x_wconf 69' lang='lat' dir='ltr'>alio</span> <span class='ocrx_word' id='word_1_259' title='bbox 914 3520 1139 3577; x_wconf 81' lang='lat' dir='ltr'>arbores,</span> <span class='ocrx_word' id='word_1_260' title='bbox 1171 3537 1288 3588; x_wconf 79' lang='lat' dir='ltr'>quae</span> <span class='ocrx_word' id='word_1_261' title='bbox 1322 3527 1492 3578; x_wconf 86' lang='lat' dir='ltr'>minus</span> 
     </span>
     <span class='ocr_line' id='line_1_42' title="bbox 434 3597 1491 3658; baseline 0.012 -16"><span class='ocrx_word' id='word_1_262' title='bbox 434 3600 595 3645; x_wconf 78' lang='lat' dir='ltr'>rectae</span> <span class='ocrx_word' id='word_1_263' title='bbox 639 3602 903 3658; x_wconf 83' lang='lat' dir='ltr'>crescunt,</span> <span class='ocrx_word' id='word_1_264' title='bbox 947 3597 1303 3652; x_wconf 78' lang='lat' dir='ltr'>emendantur.</span> <span class='ocrx_word' id='word_1_265' title='bbox 1376 3603 1491 3655; x_wconf 85' lang='lat' dir='ltr'>Cic.</span> 
     </span>
     <span class='ocr_line' id='line_1_43' title="bbox 433 3672 1489 3736; baseline 0.009 -15"><span class='ocrx_word' id='word_1_266' title='bbox 433 3672 501 3721; x_wconf 89' lang='lat' dir='ltr'>de</span> <span class='ocrx_word' id='word_1_267' title='bbox 520 3672 732 3722; x_wconf 83' lang='lat' dir='ltr'>Senect.</span> <span class='ocrx_word' id='word_1_268' title='bbox 752 3685 870 3736; x_wconf 83' lang='lat' dir='ltr'>cap.</span> <span class='ocrx_word' id='word_1_269' title='bbox 894 3675 974 3722; x_wconf 78' lang='lat'>15,</span> <span class='ocrx_word' id='word_1_270' title='bbox 1006 3675 1023 3702; x_wconf 82' lang='lat'>⁸</span> <span class='ocrx_word' id='word_1_271' title='bbox 1046 3672 1489 3731; x_wconf 86' lang='lat' dir='ltr'>Adminicnlorum</span> 
     </span>
     <span class='ocr_line' id='line_1_44' title="bbox 431 3748 1490 3816; baseline 0.01 -19"><span class='ocrx_word' id='word_1_272' title='bbox 431 3748 657 3810; x_wconf 78' lang='lat' dir='ltr'>ordines,</span> <span class='ocrx_word' id='word_1_273' title='bbox 681 3749 907 3812; x_wconf 84' lang='lat' dir='ltr'>capitum</span> <span class='ocrx_word' id='word_1_274' title='bbox 923 3750 1146 3814; x_wconf 82' lang='lat' dir='ltr'>jugatio,</span> <span class='ocrx_word' id='word_1_275' title='bbox 1168 3753 1408 3816; x_wconf 76' lang='lat' dir='ltr'>religatio</span> <span class='ocrx_word' id='word_1_276' title='bbox 1431 3764 1490 3809; x_wconf 91' lang='lat' dir='ltr'>et</span> 
     </span>
     <span class='ocr_line' id='line_1_45' title="bbox 432 3825 1489 3890; baseline 0.012 -18"><span class='ocrx_word' id='word_1_277' title='bbox 432 3826 737 3890; x_wconf 76' lang='lat' dir='ltr'>propagatio</span> <span class='ocrx_word' id='word_1_278' title='bbox 753 3825 970 3876; x_wconf 87' lang='lat' dir='ltr'>vitium.’</span> <span class='ocrx_word' id='word_1_279' title='bbox 996 3828 1079 3876; x_wconf 91' lang='lat' dir='ltr'>De</span> <span class='ocrx_word' id='word_1_280' title='bbox 1100 3830 1225 3880; x_wconf 85' lang='lat' dir='ltr'>Nat.</span> <span class='ocrx_word' id='word_1_281' title='bbox 1245 3831 1402 3885; x_wconf 80' lang='lat' dir='ltr'>Deor.</span> <span class='ocrx_word' id='word_1_282' title='bbox 1420 3849 1489 3885; x_wconf 88' lang='lat'>11.</span> 
     </span>
     <span class='ocr_line' id='line_1_46' title="bbox 428 3900 1486 3976; baseline 0.01 -27"><span class='ocrx_word' id='word_1_283' title='bbox 428 3904 514 3951; x_wconf 78' lang='grc'><strong>47.</strong></span> <span class='ocrx_word' id='word_1_284' title='bbox 544 3901 559 3929; x_wconf 89' lang='lat'>‘</span> <span class='ocrx_word' id='word_1_285' title='bbox 578 3900 732 3952; x_wconf 87' lang='lat' dir='ltr'>Vites</span> <span class='ocrx_word' id='word_1_286' title='bbox 756 3903 829 3952; x_wconf 85' lang='lat' dir='ltr'>sic</span> <span class='ocrx_word' id='word_1_287' title='bbox 862 3903 1131 3954; x_wconf 73' lang='lat' dir='ltr'>claviculis</span> <span class='ocrx_word' id='word_1_288' title='bbox 1154 3906 1486 3976; x_wconf 86' lang='lat' dir='ltr'>adminicula,</span> 
     </span>
     <span class='ocr_line' id='line_1_47' title="bbox 426 3979 1487 4050; baseline 0.011 -24"><span class='ocrx_word' id='word_1_289' title='bbox 426 3984 686 4042; x_wconf 86' lang='lat' dir='ltr'>tamquam</span> <span class='ocrx_word' id='word_1_290' title='bbox 704 3979 955 4040; x_wconf 81' lang='lat' dir='ltr'>manibus,</span> <span class='ocrx_word' id='word_1_291' title='bbox 974 3981 1392 4050; x_wconf 84' lang='lat' dir='ltr'>adprehendunt,</span> <span class='ocrx_word' id='word_1_292' title='bbox 1404 3994 1487 4038; x_wconf 90' lang='lat' dir='ltr'>at·</span> 
     </span>
     <span class='ocr_line' id='line_1_48' title="bbox 424 4055 1484 4123; baseline 0.012 -22"><span class='ocrx_word' id='word_1_293' title='bbox 424 4067 525 4117; x_wconf 83' lang='lat' dir='ltr'>que</span> <span class='ocrx_word' id='word_1_294' title='bbox 547 4064 603 4102; x_wconf 82' lang='lat' dir='ltr'>se</span> <span class='ocrx_word' id='word_1_295' title='bbox 623 4055 699 4102; x_wconf 82' lang='lat' dir='ltr'>ita</span> <span class='ocrx_word' id='word_1_296' title='bbox 722 4055 946 4116; x_wconf 77' lang='lat' dir='ltr'>erigunt,</span> <span class='ocrx_word' id='word_1_297' title='bbox 971 4063 1228 4123; x_wconf 85' lang='lat' dir='ltr'>tamquam</span> <span class='ocrx_word' id='word_1_298' title='bbox 1252 4063 1484 4114; x_wconf 85' lang='lat' dir='ltr'>animan-</span> 
     </span>
     <span class='ocr_line' id='line_1_49' title="bbox 424 4129 1483 4191; baseline 0.005 -11"><span class='ocrx_word' id='word_1_299' title='bbox 424 4129 541 4180; x_wconf 61' lang='lat' dir='ltr'>tes?</span> <span class='ocrx_word' id='word_1_300' title='bbox 579 4129 776 4179; x_wconf 76' lang='lat' dir='ltr'>Plinius</span> <span class='ocrx_word' id='word_1_301' title='bbox 800 4129 941 4182; x_wconf 82' lang='lat' dir='ltr'>Hist.</span> <span class='ocrx_word' id='word_1_302' title='bbox 964 4132 1085 4183; x_wconf 82' lang='lat' dir='ltr'>Nat.</span> <span class='ocrx_word' id='word_1_303' title='bbox 1103 4147 1244 4185; x_wconf 83' lang='lat' dir='ltr'>xvu.</span> <span class='ocrx_word' id='word_1_304' title='bbox 1260 4142 1342 4187; x_wconf 77' lang='grc'><strong>23.</strong></span> <span class='ocrx_word' id='word_1_305' title='bbox 1362 4141 1483 4191; x_wconf 74' lang='lat' dir='ltr'>‘Vi-</span> 
     </span>
     <span class='ocr_line' id='line_1_50' title="bbox 425 4206 1483 4276; baseline 0.009 -18"><span class='ocrx_word' id='word_1_306' title='bbox 425 4208 466 4258; x_wconf 77' lang='lat' dir='ltr'>ti</span> <span class='ocrx_word' id='word_1_307' title='bbox 493 4206 806 4256; x_wconf 83' lang='lat' dir='ltr'>adminicula</span> <span class='ocrx_word' id='word_1_308' title='bbox 835 4206 1091 4266; x_wconf 82' lang='lat' dir='ltr'>addenda,</span> <span class='ocrx_word' id='word_1_309' title='bbox 1122 4226 1236 4276; x_wconf 75' lang='lat' dir='ltr'>qnae</span> <span class='ocrx_word' id='word_1_310' title='bbox 1260 4218 1483 4267; x_wconf 83' lang='lat' dir='ltr'>scandat</span> 
     </span>
     <span class='ocr_line' id='line_1_51' title="bbox 425 4282 1481 4349; baseline 0.012 -15"><span class='ocrx_word' id='word_1_311' title='bbox 425 4282 788 4349; x_wconf 58' lang='lat' dir='ltr'>adprehensa?</span> <span class='ocrx_word' id='word_1_312' title='bbox 855 4284 921 4335; x_wconf 93' lang='lat' dir='ltr'>Id</span> <span class='ocrx_word' id='word_1_313' title='bbox 946 4286 1203 4340; x_wconf 83' lang='lat' dir='ltr'>vocabant</span> <span class='ocrx_word' id='word_1_314' title='bbox 1227 4295 1244 4319; x_wconf 75' lang='lat'><em>⁴</em></span> <span class='ocrx_word' id='word_1_315' title='bbox 1261 4292 1481 4346; x_wconf 85' lang='lat' dir='ltr'>admini-</span> 
     </span>
    </p>
   </div>
   <div class='ocr_carea' id='block_1_3' title="bbox 1174 385 1977 437">
    <p class='ocr_par' dir='ltr' id='par_1_4' title="bbox 1174 385 1977 437">
     <span class='ocr_line' id='line_1_52' title="bbox 1174 385 1977 437; baseline 0 -2"><span class='ocrx_word' id='word_1_316' title='bbox 1174 385 1388 437; x_wconf 67' lang='lat' dir='ltr'>NOTA!</span> <span class='ocrx_word' id='word_1_317' title='bbox 1439 385 1841 436; x_wconf 67' lang='lat' dir='ltr'>vammum</span> <span class='ocrx_word' id='word_1_318' title='bbox 1895 386 1977 435; x_wconf 79' lang='lat' dir='ltr'>IN</span> 
     </span>
    </p>
   </div>
   <div class='ocr_carea' id='block_1_4' title="bbox 1558 522 2669 4360">
    <p class='ocr_par' dir='ltr' id='par_1_5' title="bbox 1599 522 2669 1278">
     <span class='ocr_line' id='line_1_53' title="bbox 1604 522 2669 596; baseline -0.003 -15"><span class='ocrx_word' id='word_1_319' title='bbox 1604 532 1785 596; x_wconf 72' lang='lat' dir='ltr'>cularc</span> <span class='ocrx_word' id='word_1_320' title='bbox 1804 528 2039 581; x_wconf 86' lang='lat' dir='ltr'>vineam.’</span> <span class='ocrx_word' id='word_1_321' title='bbox 2096 522 2299 581; x_wconf 87' lang='lat' dir='ltr'>Colum.</span> <span class='ocrx_word' id='word_1_322' title='bbox 2323 543 2403 580; x_wconf 77' lang='grc' dir='ltr'>ιν.</span> <span class='ocrx_word' id='word_1_323' title='bbox 2424 533 2512 579; x_wconf 70' lang='lat'>26.</span> <span class='ocrx_word' id='word_1_324' title='bbox 2544 529 2669 579; x_wconf 70' lang='lat' dir='ltr'>‘Se-</span> 
     </span>
     <span class='ocr_line' id='line_1_54' title="bbox 1607 604 2665 671; baseline -0.002 -16"><span class='ocrx_word' id='word_1_325' title='bbox 1607 608 1785 671; x_wconf 79' lang='lat' dir='ltr'>quitur</span> <span class='ocrx_word' id='word_1_326' title='bbox 1837 605 2268 656; x_wconf 68' lang='lat' dir='ltr'>adminiculaudae</span> <span class='ocrx_word' id='word_1_327' title='bbox 2307 604 2665 669; x_wconf 77' lang='lat' dir='ltr'>jugandaeque</span> 
     </span>
     <span class='ocr_line' id='line_1_55' title="bbox 1608 680 2667 734; baseline -0.001 -2"><span class='ocrx_word' id='word_1_328' title='bbox 1608 684 1772 734; x_wconf 63' lang='lat' dir='ltr'>vinee</span> <span class='ocrx_word' id='word_1_329' title='bbox 1814 683 1982 734; x_wconf 61' lang='lat' dir='ltr'>cura!</span> <span class='ocrx_word' id='word_1_330' title='bbox 2046 683 2064 712; x_wconf 88' lang='lat'>‘</span> <span class='ocrx_word' id='word_1_331' title='bbox 2087 682 2539 732; x_wconf 81' lang='lat' dir='ltr'>Admiuicularum</span> <span class='ocrx_word' id='word_1_332' title='bbox 2563 680 2580 705; x_wconf 85' lang='lat'>&#39;</span> <span class='ocrx_word' id='word_1_333' title='bbox 2614 683 2667 731; x_wconf 87' lang='lat' dir='ltr'>in</span> 
     </span>
     <span class='ocr_line' id='line_1_56' title="bbox 1607 758 2667 809; baseline -0.001 -1"><span class='ocrx_word' id='word_1_334' title='bbox 1607 758 1719 809; x_wconf 77' lang='lat' dir='ltr'>aliis</span> <span class='ocrx_word' id='word_1_335' title='bbox 1760 759 2031 809; x_wconf 82' lang='lat' dir='ltr'>arboribus</span> <span class='ocrx_word' id='word_1_336' title='bbox 2079 758 2316 808; x_wconf 85' lang='lat' dir='ltr'>meminit</span> <span class='ocrx_word' id='word_1_337' title='bbox 2361 759 2554 808; x_wconf 86' lang='lat' dir='ltr'>Seuec.</span> <span class='ocrx_word' id='word_1_338' title='bbox 2598 758 2667 807; x_wconf 84' lang='lat' dir='ltr'>de</span> 
     </span>
     <span class='ocr_line' id='line_1_57' title="bbox 1605 832 2666 897; baseline 0 -14"><span class='ocrx_word' id='word_1_339' title='bbox 1605 834 1864 883; x_wconf 79' lang='lat' dir='ltr'>Clement.</span> <span class='ocrx_word' id='word_1_340' title='bbox 1884 848 1948 884; x_wconf 91' lang='grc' dir='ltr'>ιι.</span> <span class='ocrx_word' id='word_1_341' title='bbox 1962 838 2013 884; x_wconf 80' lang='grc'><strong>6.</strong></span> <span class='ocrx_word' id='word_1_342' title='bbox 2045 834 2062 862; x_wconf 78' lang='lat'><strong>⁴</strong></span> <span class='ocrx_word' id='word_1_343' title='bbox 2079 832 2353 897; x_wconf 76' lang='lat' dir='ltr'>Agricolas</span> <span class='ocrx_word' id='word_1_344' title='bbox 2373 833 2536 883; x_wconf 80' lang='lat' dir='ltr'>bonos</span> <span class='ocrx_word' id='word_1_345' title='bbox 2554 834 2666 883; x_wconf 86' lang='lat' dir='ltr'>imi-</span> 
     </span>
     <span class='ocr_line' id='line_1_58' title="bbox 1605 909 2669 975; baseline 0.001 -16"><span class='ocrx_word' id='word_1_346' title='bbox 1605 909 1850 973; x_wconf 82' lang='lat' dir='ltr'>tabimur,</span> <span class='ocrx_word' id='word_1_347' title='bbox 1873 911 1962 975; x_wconf 87' lang='lat' dir='ltr'>qui</span> <span class='ocrx_word' id='word_1_348' title='bbox 1986 921 2088 960; x_wconf 86' lang='lat' dir='ltr'>uon</span> <span class='ocrx_word' id='word_1_349' title='bbox 2112 918 2316 960; x_wconf 82' lang='lat' dir='ltr'>tantum</span> <span class='ocrx_word' id='word_1_350' title='bbox 2349 918 2523 960; x_wconf 81' lang='lat' dir='ltr'>rectas</span> <span class='ocrx_word' id='word_1_351' title='bbox 2549 925 2669 974; x_wconf 86' lang='lat' dir='ltr'>pro-</span> 
     </span>
     <span class='ocr_line' id='line_1_59' title="bbox 1602 987 2664 1050; baseline 0.002 -15"><span class='ocrx_word' id='word_1_352' title='bbox 1602 998 1853 1050; x_wconf 82' lang='lat' dir='ltr'>cerasque</span> <span class='ocrx_word' id='word_1_353' title='bbox 1896 987 2108 1037; x_wconf 86' lang='lat' dir='ltr'>arbores</span> <span class='ocrx_word' id='word_1_354' title='bbox 2146 988 2367 1049; x_wconf 79' lang='lat' dir='ltr'>coluut3</span> <span class='ocrx_word' id='word_1_355' title='bbox 2422 987 2517 1038; x_wconf 83' lang='lat' dir='ltr'>sed</span> <span class='ocrx_word' id='word_1_356' title='bbox 2542 988 2664 1037; x_wconf 64' lang='lat' dir='ltr'>illis</span> 
     </span>
     <span class='ocr_line' id='line_1_60' title="bbox 1602 1064 2665 1130; baseline 0.005 -18"><span class='ocrx_word' id='word_1_357' title='bbox 1602 1078 1830 1129; x_wconf 81' lang='lat' dir='ltr'>quoque,</span> <span class='ocrx_word' id='word_1_358' title='bbox 1845 1079 1973 1128; x_wconf 80' lang='lat' dir='ltr'>quas</span> <span class='ocrx_word' id='word_1_359' title='bbox 1996 1065 2167 1130; x_wconf 87' lang='lat' dir='ltr'>aliqua</span> <span class='ocrx_word' id='word_1_360' title='bbox 2184 1064 2495 1129; x_wconf 73' lang='lat' dir='ltr'>depravavit</span> <span class='ocrx_word' id='word_1_361' title='bbox 2514 1081 2665 1116; x_wconf 76' lang='lat' dir='ltr'>cans-</span> 
     </span>
     <span class='ocr_line' id='line_1_61' title="bbox 1599 1139 2668 1206; baseline 0.001 -19"><span class='ocrx_word' id='word_1_362' title='bbox 1599 1152 1675 1201; x_wconf 91' lang='lat' dir='ltr'>sa,</span> <span class='ocrx_word' id='word_1_363' title='bbox 1698 1139 2035 1204; x_wconf 82' lang='lat' dir='ltr'>adminicula,</span> <span class='ocrx_word' id='word_1_364' title='bbox 2065 1140 2252 1205; x_wconf 73' lang='lat' dir='ltr'>quibus</span> <span class='ocrx_word' id='word_1_365' title='bbox 2281 1150 2556 1206; x_wconf 68' lang='lat' dir='ltr'>regantur,</span> <span class='ocrx_word' id='word_1_366' title='bbox 2574 1144 2668 1193; x_wconf 69' lang='lat' dir='ltr'>ad⁴</span> 
     </span>
     <span class='ocr_line' id='line_1_62' title="bbox 1603 1215 1836 1278; baseline 0.004 -14"><span class='ocrx_word' id='word_1_367' title='bbox 1603 1215 1836 1278; x_wconf 81' lang='lat' dir='ltr'>plicant.&#39;</span> 
     </span>
    </p>

    <p class='ocr_par' dir='ltr' id='par_1_6' title="bbox 1578 1292 2662 2823">
     <span class='ocr_line' id='line_1_63' title="bbox 1663 1292 2656 1359; baseline 0.005 -18"><span class='ocrx_word' id='word_1_368' title='bbox 1663 1292 1845 1343; x_wconf 68' lang='lat' dir='ltr'>Eodem</span> <span class='ocrx_word' id='word_1_369' title='bbox 1864 1293 2036 1343; x_wconf 69' lang='lat' dir='ltr'>innixa</span> <span class='ocrx_word' id='word_1_370' title='bbox 2057 1294 2135 1343; x_wconf 77' lang='lat' dir='ltr'>M.</span> <span class='ocrx_word' id='word_1_371' title='bbox 2158 1293 2309 1345; x_wconf 69' lang='lat' dir='ltr'>Furio</span> <span class='ocrx_word' id='word_1_372' title='bbox 2321 1296 2541 1359; x_wconf 72' lang='lat' dir='ltr'>principe</span> <span class='ocrx_word' id='word_1_373' title='bbox 2562 1302 2656 1346; x_wconf 78' lang='lat' dir='ltr'>ste·</span> 
     </span>
     <span class='ocr_line' id='line_1_64' title="bbox 1596 1366 2659 1436; baseline 0.003 -17"><span class='ocrx_word' id='word_1_374' title='bbox 1596 1366 1685 1433; x_wconf 71' lang='lat' dir='ltr'>tit]</span> <span class='ocrx_word' id='word_1_375' title='bbox 1719 1370 1903 1420; x_wconf 71' lang='lat' dir='ltr'>Innixs</span> <span class='ocrx_word' id='word_1_376' title='bbox 1923 1371 2073 1421; x_wconf 72' lang='lat' dir='ltr'>Furio</span> <span class='ocrx_word' id='word_1_377' title='bbox 2099 1373 2230 1436; x_wconf 72' lang='grc' dir='ltr'><strong>ρήιι.</strong></span> <span class='ocrx_word' id='word_1_378' title='bbox 2261 1373 2400 1422; x_wconf 77' lang='lat' dir='ltr'>stetit</span> <span class='ocrx_word' id='word_1_379' title='bbox 2435 1373 2589 1425; x_wconf 82' lang='lat' dir='ltr'>Harl.</span> <span class='ocrx_word' id='word_1_380' title='bbox 2613 1377 2659 1423; x_wconf 74' lang='lat' dir='ltr'>t.</span> 
     </span>
     <span class='ocr_line' id='line_1_65' title="bbox 1596 1445 2662 1513; baseline 0.005 -18"><span class='ocrx_word' id='word_1_381' title='bbox 1596 1445 1765 1496; x_wconf 71' lang='lat' dir='ltr'>innixo</span> <span class='ocrx_word' id='word_1_382' title='bbox 1786 1448 1864 1497; x_wconf 83' lang='lat' dir='ltr'>M.</span> <span class='ocrx_word' id='word_1_383' title='bbox 1904 1447 2057 1498; x_wconf 76' lang='lat' dir='ltr'>Fim‘o</span> <span class='ocrx_word' id='word_1_384' title='bbox 2090 1450 2230 1498; x_wconf 69' lang='lat' dir='ltr'>stetit</span> <span class='ocrx_word' id='word_1_385' title='bbox 2263 1447 2447 1513; x_wconf 77' lang='lat' dir='ltr'>fragm.</span> <span class='ocrx_word' id='word_1_386' title='bbox 2471 1448 2609 1499; x_wconf 80' lang='lat' dir='ltr'>Hav.</span> <span class='ocrx_word' id='word_1_387' title='bbox 2628 1466 2662 1500; x_wconf 81' lang='grc' dir='ltr'>ιι</span> 
     </span>
     <span class='ocr_line' id='line_1_66' title="bbox 1596 1514 2661 1586; baseline 0.004 -15"><span class='ocrx_word' id='word_1_388' title='bbox 1596 1536 1666 1572; x_wconf 86' lang='grc' dir='ltr'><strong>ιιι.</strong></span> <span class='ocrx_word' id='word_1_389' title='bbox 1693 1538 1773 1586; x_wconf 88' lang='lat' dir='ltr'>pr.</span> <span class='ocrx_word' id='word_1_390' title='bbox 1792 1514 1848 1575; x_wconf 88' lang='lat' dir='ltr'>et</span> <span class='ocrx_word' id='word_1_391' title='bbox 1874 1523 2093 1574; x_wconf 79' lang='lat' dir='ltr'>Hesi-nii</span> <span class='ocrx_word' id='word_1_392' title='bbox 2127 1524 2302 1576; x_wconf 84' lang='lat' dir='ltr'>Oxou.</span> <span class='ocrx_word' id='word_1_393' title='bbox 2323 1525 2383 1574; x_wconf 72' lang='lat'>1..</span> <span class='ocrx_word' id='word_1_394' title='bbox 2406 1529 2454 1575; x_wconf 87' lang='lat'>1.</span> <span class='ocrx_word' id='word_1_395' title='bbox 2485 1527 2661 1575; x_wconf 64' lang='lat' dir='ltr'>innixa</span> 
     </span>
     <span class='ocr_line' id='line_1_67' title="bbox 1596 1598 2659 1653; baseline 0.004 -4"><span class='ocrx_word' id='word_1_396' title='bbox 1596 1598 1750 1649; x_wconf 75' lang='lat' dir='ltr'>Furio</span> <span class='ocrx_word' id='word_1_397' title='bbox 1780 1601 1919 1651; x_wconf 74' lang='lat' dir='ltr'>stetit</span> <span class='ocrx_word' id='word_1_398' title='bbox 1951 1602 2101 1651; x_wconf 87' lang='lat' dir='ltr'>Voss.</span> <span class='ocrx_word' id='word_1_399' title='bbox 2136 1605 2186 1651; x_wconf 74' lang='lat'>2.</span> <span class='ocrx_word' id='word_1_400' title='bbox 2242 1601 2388 1651; x_wconf 85' lang='lat' dir='ltr'>Leid.</span> <span class='ocrx_word' id='word_1_401' title='bbox 2432 1606 2482 1652; x_wconf 89' lang='lat'>1.</span> <span class='ocrx_word' id='word_1_402' title='bbox 2530 1604 2659 1653; x_wconf 69' lang='grc' dir='ltr'><strong>ιον.</strong></span> 
     </span>
     <span class='ocr_line' id='line_1_68' title="bbox 1593 1676 2660 1741; baseline 0.004 -15"><span class='ocrx_word' id='word_1_403' title='bbox 1593 1676 1644 1726; x_wconf 71' lang='grc'><strong>8.</strong></span> <span class='ocrx_word' id='word_1_404' title='bbox 1679 1684 1737 1728; x_wconf 87' lang='lat' dir='ltr'>et</span> <span class='ocrx_word' id='word_1_405' title='bbox 1760 1677 1898 1741; x_wconf 84' lang='lat' dir='ltr'>apud</span> <span class='ocrx_word' id='word_1_406' title='bbox 1931 1677 2221 1728; x_wconf 83' lang='lat' dir='ltr'>Hearnium</span> <span class='ocrx_word' id='word_1_407' title='bbox 2254 1678 2425 1730; x_wconf 84' lang='lat' dir='ltr'>Oxou.</span> <span class='ocrx_word' id='word_1_408' title='bbox 2450 1680 2516 1730; x_wconf 87' lang='lat' dir='ltr'>C.</span> <span class='ocrx_word' id='word_1_409' title='bbox 2554 1681 2660 1730; x_wconf 84' lang='lat' dir='ltr'>Ve-</span> 
     </span>
     <span class='ocr_line' id='line_1_69' title="bbox 1593 1755 2659 1822; baseline 0.005 -19"><span class='ocrx_word' id='word_1_410' title='bbox 1593 1767 1705 1803; x_wconf 86' lang='lat' dir='ltr'>rum</span> <span class='ocrx_word' id='word_1_411' title='bbox 1730 1755 1915 1806; x_wconf 84' lang='lat' dir='ltr'>Furius</span> <span class='ocrx_word' id='word_1_412' title='bbox 1934 1756 2171 1820; x_wconf 65' lang='lat' dir='ltr'>princepe,</span> <span class='ocrx_word' id='word_1_413' title='bbox 2189 1771 2345 1822; x_wconf 83' lang='lat' dir='ltr'>quam</span> <span class='ocrx_word' id='word_1_414' title='bbox 2368 1771 2553 1807; x_wconf 84' lang='lat' dir='ltr'>vocem</span> <span class='ocrx_word' id='word_1_415' title='bbox 2577 1771 2659 1808; x_wconf 82' lang='lat' dir='ltr'>re·</span> 
     </span>
     <span class='ocr_line' id='line_1_70' title="bbox 1591 1830 2657 1897; baseline 0.006 -18"><span class='ocrx_word' id='word_1_416' title='bbox 1591 1830 1720 1895; x_wconf 87' lang='lat' dir='ltr'>liqui</span> <span class='ocrx_word' id='word_1_417' title='bbox 1742 1831 1898 1884; x_wconf 88' lang='lat' dir='ltr'>codd.</span> <span class='ocrx_word' id='word_1_418' title='bbox 1922 1842 2156 1897; x_wconf 82' lang='lat' dir='ltr'>servant,</span> <span class='ocrx_word' id='word_1_419' title='bbox 2177 1835 2333 1884; x_wconf 78' lang='lat' dir='ltr'>etism</span> <span class='ocrx_word' id='word_1_420' title='bbox 2353 1835 2481 1884; x_wconf 84' lang='lat' dir='ltr'>alibi</span> <span class='ocrx_word' id='word_1_421' title='bbox 2503 1849 2657 1885; x_wconf 82' lang='lat' dir='ltr'>vocs·</span> 
     </span>
     <span class='ocr_line' id='line_1_71' title="bbox 1592 1908 2657 1973; baseline 0.005 -17"><span class='ocrx_word' id='word_1_422' title='bbox 1592 1913 1695 1957; x_wconf 86' lang='lat' dir='ltr'>tur.</span> <span class='ocrx_word' id='word_1_423' title='bbox 1761 1908 1933 1973; x_wconf 78' lang='lat' dir='ltr'>Supra</span> <span class='ocrx_word' id='word_1_424' title='bbox 1951 1923 2006 1960; x_wconf 71' lang='lat' dir='ltr'>V.</span> <span class='ocrx_word' id='word_1_425' title='bbox 2028 1914 2113 1960; x_wconf 72' lang='lat'>⁸⁰.</span> <span class='ocrx_word' id='word_1_426' title='bbox 2177 1917 2194 1941; x_wconf 75' lang='lat'><em>⁴</em></span> <span class='ocrx_word' id='word_1_427' title='bbox 2213 1910 2314 1960; x_wconf 84' lang='lat' dir='ltr'>His</span> <span class='ocrx_word' id='word_1_428' title='bbox 2334 1912 2657 1963; x_wconf 73' lang='lat' dir='ltr'>adhortatio-</span> 
     </span>
     <span class='ocr_line' id='line_1_72' title="bbox 1590 1982 2661 2052; baseline 0.007 -22"><span class='ocrx_word' id='word_1_429' title='bbox 1590 1982 1738 2033; x_wconf 80' lang='lat' dir='ltr'>nibus</span> <span class='ocrx_word' id='word_1_430' title='bbox 1760 1985 2010 2052; x_wconf 84' lang='lat' dir='ltr'>principis</span> <span class='ocrx_word' id='word_1_431' title='bbox 2045 1987 2291 2038; x_wconf 65' lang='lat' dir='ltr'>concitati</span> <span class='ocrx_word' id='word_1_432' title='bbox 2328 1988 2540 2050; x_wconf 83' lang='lat' dir='ltr'>Patres,</span> <span class='ocrx_word' id='word_1_433' title='bbox 2578 1999 2661 2038; x_wconf 62' lang='lat' dir='ltr'>see</span> 
     </span>
     <span class='ocr_line' id='line_1_73' title="bbox 1588 2061 2660 2128; baseline 0.005 -20"><span class='ocrx_word' id='word_1_434' title='bbox 1588 2073 1683 2109; x_wconf 84' lang='lat' dir='ltr'>nes</span> <span class='ocrx_word' id='word_1_435' title='bbox 1711 2061 2060 2127; x_wconf 83' lang='lat' dir='ltr'>juvenesque,</span> <span class='ocrx_word' id='word_1_436' title='bbox 2094 2077 2252 2128; x_wconf 79' lang='lat' dir='ltr'>quum</span> <span class='ocrx_word' id='word_1_437' title='bbox 2286 2062 2516 2113; x_wconf 76' lang='lat' dir='ltr'>ferretur</span> <span class='ocrx_word' id='word_1_438' title='bbox 2551 2065 2660 2125; x_wconf 77' lang='lat' dir='ltr'>lex,</span> 
     </span>
     <span class='ocr_line' id='line_1_74' title="bbox 1588 2137 2657 2201; baseline 0.005 -16"><span class='ocrx_word' id='word_1_439' title='bbox 1588 2137 1794 2201; x_wconf 70' lang='lat' dir='ltr'>agmine</span> <span class='ocrx_word' id='word_1_440' title='bbox 1831 2137 1974 2189; x_wconf 86' lang='lat' dir='ltr'>facto</span> <span class='ocrx_word' id='word_1_441' title='bbox 2014 2140 2069 2189; x_wconf 90' lang='lat' dir='ltr'>iu</span> <span class='ocrx_word' id='word_1_442' title='bbox 2112 2139 2286 2191; x_wconf 86' lang='lat' dir='ltr'>forum</span> <span class='ocrx_word' id='word_1_443' title='bbox 2323 2149 2620 2190; x_wconf 83' lang='lat' dir='ltr'>venerunt:</span> <span class='ocrx_word' id='word_1_444' title='bbox 2641 2141 2657 2164; x_wconf 88' lang='lat'>&#39;</span> 
     </span>
     <span class='ocr_line' id='line_1_75' title="bbox 1591 2212 2657 2278; baseline 0.005 -16"><span class='ocrx_word' id='word_1_445' title='bbox 1591 2212 1678 2262; x_wconf 87' lang='lat' dir='ltr'>nbi</span> <span class='ocrx_word' id='word_1_446' title='bbox 1722 2213 1843 2264; x_wconf 82' lang='lat' dir='ltr'>vide</span> <span class='ocrx_word' id='word_1_447' title='bbox 1883 2228 2002 2278; x_wconf 67' lang='grc' dir='ltr'>(μω</span> <span class='ocrx_word' id='word_1_448' title='bbox 2037 2221 2300 2266; x_wconf 81' lang='lat' dir='ltr'>notantur.</span> <span class='ocrx_word' id='word_1_449' title='bbox 2366 2214 2515 2265; x_wconf 80' lang='lat' dir='ltr'>Infra</span> <span class='ocrx_word' id='word_1_450' title='bbox 2550 2217 2657 2267; x_wconf 79' lang='lat' dir='ltr'>hoc</span> 
     </span>
     <span class='ocr_line' id='line_1_76' title="bbox 1584 2287 2656 2355; baseline 0.002 -17"><span class='ocrx_word' id='word_1_451' title='bbox 1584 2287 1678 2339; x_wconf 85' lang='lat' dir='ltr'>lib.</span> <span class='ocrx_word' id='word_1_452' title='bbox 1701 2304 1749 2341; x_wconf 92' lang='lat' dir='ltr'>c.</span> <span class='ocrx_word' id='word_1_453' title='bbox 1774 2294 1856 2341; x_wconf 90' lang='grc'><strong>11.</strong></span> <span class='ocrx_word' id='word_1_454' title='bbox 1905 2293 1922 2321; x_wconf 78' lang='lat'><strong>⁴</strong></span> <span class='ocrx_word' id='word_1_455' title='bbox 1940 2291 2014 2341; x_wconf 88' lang='grc' dir='ltr'><strong>Μ.</strong></span> <span class='ocrx_word' id='word_1_456' title='bbox 2036 2291 2262 2342; x_wconf 83' lang='lat' dir='ltr'>Manlius</span> <span class='ocrx_word' id='word_1_457' title='bbox 2301 2290 2656 2355; x_wconf 84' lang='lat' dir='ltr'>Capitolinus,</span> 
     </span>
     <span class='ocr_line' id='line_1_77' title="bbox 1584 2366 2652 2433; baseline 0.002 -17"><span class='ocrx_word' id='word_1_458' title='bbox 1584 2366 1773 2416; x_wconf 74' lang='lat' dir='ltr'>ninnius</span> <span class='ocrx_word' id='word_1_459' title='bbox 1811 2367 1986 2423; x_wconf 82' lang='lat' dir='ltr'>animi,</span> <span class='ocrx_word' id='word_1_460' title='bbox 2025 2381 2179 2433; x_wconf 84' lang='lat' dir='ltr'>quum</span> <span class='ocrx_word' id='word_1_461' title='bbox 2216 2367 2341 2417; x_wconf 87' lang='lat' dir='ltr'>alios</span> <span class='ocrx_word' id='word_1_462' title='bbox 2378 2367 2652 2431; x_wconf 81' lang='lat' dir='ltr'>principes</span> 
     </span>
     <span class='ocr_line' id='line_1_78' title="bbox 1580 2446 2651 2511; baseline 0.001 -16"><span class='ocrx_word' id='word_1_463' title='bbox 1580 2454 1874 2511; x_wconf 85' lang='lat' dir='ltr'>sperneret,</span> <span class='ocrx_word' id='word_1_464' title='bbox 1922 2446 2011 2497; x_wconf 84' lang='lat' dir='ltr'>uni</span> <span class='ocrx_word' id='word_1_465' title='bbox 2048 2446 2308 2496; x_wconf 81' lang='lat' dir='ltr'>invideret</span> <span class='ocrx_word' id='word_1_466' title='bbox 2345 2446 2542 2498; x_wconf 81' lang='lat' dir='ltr'>eximio</span> <span class='ocrx_word' id='word_1_467' title='bbox 2579 2447 2651 2496; x_wconf 88' lang='lat' dir='ltr'>si·</span> 
     </span>
     <span class='ocr_line' id='line_1_79' title="bbox 1582 2523 2649 2589; baseline 0.001 -17"><span class='ocrx_word' id='word_1_468' title='bbox 1582 2524 1688 2572; x_wconf 77' lang='lat' dir='ltr'>mul</span> <span class='ocrx_word' id='word_1_469' title='bbox 1723 2523 2006 2574; x_wconf 82' lang='lat' dir='ltr'>honoribus</span> <span class='ocrx_word' id='word_1_470' title='bbox 2043 2529 2204 2589; x_wconf 83' lang='lat' dir='ltr'>atque</span> <span class='ocrx_word' id='word_1_471' title='bbox 2248 2523 2529 2575; x_wconf 80' lang='lat' dir='ltr'>virtutibus</span> <span class='ocrx_word' id='word_1_472' title='bbox 2565 2525 2649 2574; x_wconf 88' lang='lat' dir='ltr'>M.</span> 
     </span>
     <span class='ocr_line' id='line_1_80' title="bbox 1579 2602 2647 2667; baseline 0 -13"><span class='ocrx_word' id='word_1_473' title='bbox 1579 2605 1770 2655; x_wconf 66' lang='lat' dir='ltr'>Furio!</span> <span class='ocrx_word' id='word_1_474' title='bbox 1854 2602 2027 2654; x_wconf 66' lang='lat' dir='ltr'>Iunis«</span> <span class='ocrx_word' id='word_1_475' title='bbox 2049 2610 2132 2655; x_wconf 89' lang='lat' dir='ltr'>est</span> <span class='ocrx_word' id='word_1_476' title='bbox 2172 2605 2223 2654; x_wconf 91' lang='lat' dir='ltr'>in</span> <span class='ocrx_word' id='word_1_477' title='bbox 2269 2605 2404 2654; x_wconf 81' lang='lat' dir='ltr'>Lov.</span> <span class='ocrx_word' id='word_1_478' title='bbox 2448 2608 2499 2654; x_wconf 72' lang='lat'>2.</span> <span class='ocrx_word' id='word_1_479' title='bbox 2547 2618 2647 2667; x_wconf 88' lang='lat' dir='ltr'>pro</span> 
     </span>
     <span class='ocr_line' id='line_1_81' title="bbox 1581 2680 2646 2746; baseline -0.002 -14"><span class='ocrx_word' id='word_1_480' title='bbox 1581 2696 1683 2746; x_wconf 83' lang='lat' dir='ltr'>quo</span> <span class='ocrx_word' id='word_1_481' title='bbox 1703 2681 1862 2732; x_wconf 68' lang='lat' dir='ltr'>inuisa</span> <span class='ocrx_word' id='word_1_482' title='bbox 1892 2681 2069 2731; x_wconf 84' lang='lat' dir='ltr'>datum</span> <span class='ocrx_word' id='word_1_483' title='bbox 2097 2689 2215 2732; x_wconf 83' lang='lat' dir='ltr'>erat</span> <span class='ocrx_word' id='word_1_484' title='bbox 2249 2680 2302 2729; x_wconf 86' lang='lat' dir='ltr'>in</span> <span class='ocrx_word' id='word_1_485' title='bbox 2331 2682 2459 2732; x_wconf 83' lang='lat' dir='ltr'>Lov.</span> <span class='ocrx_word' id='word_1_486' title='bbox 2491 2685 2544 2731; x_wconf 80' lang='lat'>4.</span> <span class='ocrx_word' id='word_1_487' title='bbox 2589 2689 2646 2730; x_wconf 88' lang='lat' dir='ltr'>et</span> 
     </span>
     <span class='ocr_line' id='line_1_82' title="bbox 1578 2763 1893 2823; baseline 0.006 -16"><span class='ocrx_word' id='word_1_488' title='bbox 1578 2763 1630 2807; x_wconf 71' lang='grc' dir='ltr'><strong>δ.</strong></span> <span class='ocrx_word' id='word_1_489' title='bbox 1663 2772 1694 2808; x_wconf 82' lang='lat' dir='ltr'>a</span> <span class='ocrx_word' id='word_1_490' title='bbox 1718 2773 1787 2809; x_wconf 88' lang='lat' dir='ltr'>m.</span> <span class='ocrx_word' id='word_1_491' title='bbox 1813 2774 1893 2823; x_wconf 85' lang='lat' dir='ltr'>pr.</span> 
     </span>
    </p>

    <p class='ocr_par' dir='ltr' id='par_1_7' title="bbox 1558 2834 2644 4360">
     <span class='ocr_line' id='line_1_83' title="bbox 1644 2834 2644 2899; baseline 0.002 -15"><span class='ocrx_word' id='word_1_492' title='bbox 1644 2835 1812 2899; x_wconf 66' lang='lat' dir='ltr'>Neque</span> <span class='ocrx_word' id='word_1_493' title='bbox 1831 2840 1940 2886; x_wconf 72' lang='lat' dir='ltr'>eum</span> <span class='ocrx_word' id='word_1_494' title='bbox 1957 2834 2178 2885; x_wconf 64' lang='lat' dir='ltr'>auiam</span> <span class='ocrx_word' id='word_1_495' title='bbox 2196 2850 2250 2886; x_wconf 80' lang='lat' dir='ltr'>se</span> <span class='ocrx_word' id='word_1_496' title='bbox 2267 2834 2529 2899; x_wconf 66' lang='lat' dir='ltr'>dictatu-a,</span> <span class='ocrx_word' id='word_1_497' title='bbox 2546 2837 2644 2886; x_wconf 68' lang='lat' dir='ltr'>sisi</span> 
     </span>
     <span class='ocr_line' id='line_1_84' title="bbox 1577 2910 2640 2974; baseline 0.002 -14"><span class='ocrx_word' id='word_1_498' title='bbox 1577 2925 1702 2960; x_wconf 70' lang='lat' dir='ltr'>mo</span> <span class='ocrx_word' id='word_1_499' title='bbox 1721 2912 2026 2973; x_wconf 65' lang='lat' dir='ltr'>circinando,</span> <span class='ocrx_word' id='word_1_500' title='bbox 2042 2912 2176 2974; x_wconf 75' lang='lat' dir='ltr'>passi</span> <span class='ocrx_word' id='word_1_501' title='bbox 2203 2910 2340 2974; x_wconf 65' lang='lat' dir='ltr'>snt]</span> <span class='ocrx_word' id='word_1_502' title='bbox 2375 2913 2640 2963; x_wconf 80' lang='lat' dir='ltr'>Quemad-</span> 
     </span>
     <span class='ocr_line' id='line_1_85' title="bbox 1576 2988 2641 3052; baseline 0.003 -15"><span class='ocrx_word' id='word_1_503' title='bbox 1576 2988 1788 3037; x_wconf 85' lang='lat' dir='ltr'>modum</span> <span class='ocrx_word' id='word_1_504' title='bbox 1822 2989 1935 3038; x_wconf 77' lang='lat' dir='ltr'>liaec</span> <span class='ocrx_word' id='word_1_505' title='bbox 1968 2988 2133 3037; x_wconf 82' lang='lat' dir='ltr'>verba</span> <span class='ocrx_word' id='word_1_506' title='bbox 2158 2988 2505 3052; x_wconf 77' lang='lat' dir='ltr'>intelligenda</span> <span class='ocrx_word' id='word_1_507' title='bbox 2540 2992 2641 3040; x_wconf 86' lang='lat' dir='ltr'>siut</span> 
     </span>
     <span class='ocr_line' id='line_1_86' title="bbox 1578 3064 2643 3119; baseline 0.002 -5"><span class='ocrx_word' id='word_1_508' title='bbox 1578 3064 1854 3115; x_wconf 85' lang='lat' dir='ltr'>admodum</span> <span class='ocrx_word' id='word_1_509' title='bbox 1869 3066 2185 3116; x_wconf 81' lang='lat' dir='ltr'>dissentiunt</span> <span class='ocrx_word' id='word_1_510' title='bbox 2197 3066 2297 3115; x_wconf 83' lang='lat' dir='ltr'>viri</span> <span class='ocrx_word' id='word_1_511' title='bbox 2311 3065 2478 3117; x_wconf 83' lang='lat' dir='ltr'>docti.</span> <span class='ocrx_word' id='word_1_512' title='bbox 2509 3067 2643 3119; x_wconf 78' lang='lat' dir='ltr'>Qui-</span> 
     </span>
     <span class='ocr_line' id='line_1_87' title="bbox 1576 3141 2638 3205; baseline 0.002 -14"><span class='ocrx_word' id='word_1_513' title='bbox 1576 3141 1695 3191; x_wconf 90' lang='lat' dir='ltr'>dam</span> <span class='ocrx_word' id='word_1_514' title='bbox 1741 3142 1944 3192; x_wconf 85' lang='lat' dir='ltr'>Livium</span> <span class='ocrx_word' id='word_1_515' title='bbox 1993 3142 2122 3192; x_wconf 89' lang='lat' dir='ltr'>illud</span> <span class='ocrx_word' id='word_1_516' title='bbox 2164 3142 2394 3193; x_wconf 75' lang='lat' dir='ltr'>innuisse</span> <span class='ocrx_word' id='word_1_517' title='bbox 2436 3144 2638 3205; x_wconf 85' lang='lat' dir='ltr'>volunt,</span> 
     </span>
     <span class='ocr_line' id='line_1_88' title="bbox 1575 3217 2637 3282; baseline 0.002 -14"><span class='ocrx_word' id='word_1_518' title='bbox 1575 3217 1846 3269; x_wconf 89' lang='lat' dir='ltr'>Camillum</span> <span class='ocrx_word' id='word_1_519' title='bbox 1886 3232 1978 3281; x_wconf 89' lang='lat' dir='ltr'>per</span> <span class='ocrx_word' id='word_1_520' title='bbox 2013 3219 2270 3282; x_wconf 81' lang='lat' dir='ltr'>integi-um</span> <span class='ocrx_word' id='word_1_521' title='bbox 2300 3233 2491 3268; x_wconf 85' lang='lat' dir='ltr'>annum</span> <span class='ocrx_word' id='word_1_522' title='bbox 2527 3220 2637 3270; x_wconf 91' lang='lat' dir='ltr'>dic-</span> 
     </span>
     <span class='ocr_line' id='line_1_89' title="bbox 1575 3294 2633 3359; baseline 0.001 -16"><span class='ocrx_word' id='word_1_523' title='bbox 1575 3301 1800 3359; x_wconf 80' lang='lat' dir='ltr'>taturam</span> <span class='ocrx_word' id='word_1_524' title='bbox 1845 3294 2084 3359; x_wconf 68' lang='lat' dir='ltr'>gessisse.</span> <span class='ocrx_word' id='word_1_525' title='bbox 2146 3295 2237 3345; x_wconf 87' lang='lat' dir='ltr'>Ita</span> <span class='ocrx_word' id='word_1_526' title='bbox 2288 3295 2533 3359; x_wconf 77' lang='lat' dir='ltr'>Sigonius</span> <span class='ocrx_word' id='word_1_527' title='bbox 2581 3297 2633 3345; x_wconf 90' lang='lat' dir='ltr'>iu</span> 
     </span>
     <span class='ocr_line' id='line_1_90' title="bbox 1572 3370 2632 3423; baseline 0.001 -3"><span class='ocrx_word' id='word_1_528' title='bbox 1572 3370 1794 3421; x_wconf 79' lang='lat' dir='ltr'>Scholiis</span> <span class='ocrx_word' id='word_1_529' title='bbox 1837 3370 1903 3421; x_wconf 84' lang='lat' dir='ltr'>ad</span> <span class='ocrx_word' id='word_1_530' title='bbox 1949 3371 2192 3423; x_wconf 85' lang='lat' dir='ltr'>Chronol.</span> <span class='ocrx_word' id='word_1_531' title='bbox 2248 3372 2360 3422; x_wconf 76' lang='lat' dir='ltr'>Iaiv.</span> <span class='ocrx_word' id='word_1_532' title='bbox 2401 3372 2483 3421; x_wconf 79' lang='lat' dir='ltr'>ad.</span> <span class='ocrx_word' id='word_1_533' title='bbox 2514 3387 2632 3422; x_wconf 84' lang='lat' dir='ltr'>ann.</span> 
     </span>
     <span class='ocr_line' id='line_1_91' title="bbox 1570 3446 2629 3512; baseline -0.002 -14"><span class='ocrx_word' id='word_1_534' title='bbox 1570 3459 1820 3498; x_wconf 66' lang='lat' dir='ltr'>occzxvr.</span> <span class='ocrx_word' id='word_1_535' title='bbox 1875 3454 1934 3497; x_wconf 86' lang='lat' dir='ltr'>et</span> <span class='ocrx_word' id='word_1_536' title='bbox 1988 3447 2206 3512; x_wconf 77' lang='lat' dir='ltr'>Pighius</span> <span class='ocrx_word' id='word_1_537' title='bbox 2243 3448 2295 3497; x_wconf 89' lang='lat' dir='ltr'>iu</span> <span class='ocrx_word' id='word_1_538' title='bbox 2332 3446 2528 3498; x_wconf 76' lang='lat' dir='ltr'>Annal.</span> <span class='ocrx_word' id='word_1_539' title='bbox 2564 3446 2629 3497; x_wconf 85' lang='lat' dir='ltr'>ad</span> 
     </span>
     <span class='ocr_line' id='line_1_92' title="bbox 1570 3523 2632 3589; baseline -0.002 -16"><span class='ocrx_word' id='word_1_540' title='bbox 1570 3526 1808 3574; x_wconf 86' lang='lat' dir='ltr'>eumdem</span> <span class='ocrx_word' id='word_1_541' title='bbox 1826 3537 2032 3576; x_wconf 80' lang='lat' dir='ltr'>anunm.</span> <span class='ocrx_word' id='word_1_542' title='bbox 2069 3523 2176 3574; x_wconf 84' lang='lat' dir='ltr'>Alii</span> <span class='ocrx_word' id='word_1_543' title='bbox 2198 3524 2522 3588; x_wconf 77' lang='lat' dir='ltr'>existimant,</span> <span class='ocrx_word' id='word_1_544' title='bbox 2540 3537 2632 3589; x_wconf 86' lang='lat' dir='ltr'>per</span> 
     </span>
     <span class='ocr_line' id='line_1_93' title="bbox 1569 3600 2631 3665; baseline 0.002 -15"><span class='ocrx_word' id='word_1_545' title='bbox 1569 3600 1591 3641; x_wconf 79' lang='lat'>‘·</span> <span class='ocrx_word' id='word_1_546' title='bbox 1619 3615 1805 3651; x_wconf 84' lang='lat' dir='ltr'>anuum</span> <span class='ocrx_word' id='word_1_547' title='bbox 1861 3602 2235 3652; x_wconf 80' lang='lat' dir='ltr'>circumactum</span> <span class='ocrx_word' id='word_1_548' title='bbox 2268 3601 2284 3625; x_wconf 87' lang='lat'>’</span> <span class='ocrx_word' id='word_1_549' title='bbox 2334 3602 2631 3665; x_wconf 75' lang='lat' dir='ltr'>intelligen-</span> 
     </span>
     <span class='ocr_line' id='line_1_94' title="bbox 1568 3677 2629 3729; baseline 0.002 -2"><span class='ocrx_word' id='word_1_550' title='bbox 1568 3678 1689 3728; x_wconf 87' lang='lat' dir='ltr'>dum</span> <span class='ocrx_word' id='word_1_551' title='bbox 1710 3692 1897 3728; x_wconf 79' lang='lat' dir='ltr'>sunam</span> <span class='ocrx_word' id='word_1_552' title='bbox 1917 3677 2121 3729; x_wconf 83' lang='lat' dir='ltr'>civilem</span> <span class='ocrx_word' id='word_1_553' title='bbox 2137 3678 2508 3729; x_wconf 76' lang='lat' dir='ltr'>ordinariorum</span> <span class='ocrx_word' id='word_1_554' title='bbox 2526 3692 2629 3729; x_wconf 82' lang='lat' dir='ltr'>ma·</span> 
     </span>
     <span class='ocr_line' id='line_1_95' title="bbox 1566 3755 2627 3823; baseline 0.002 -19"><span class='ocrx_word' id='word_1_555' title='bbox 1566 3755 1894 3818; x_wconf 78' lang='lat' dir='ltr'>gistratuom,</span> <span class='ocrx_word' id='word_1_556' title='bbox 1959 3755 2048 3819; x_wconf 87' lang='lat' dir='ltr'>qui</span> <span class='ocrx_word' id='word_1_557' title='bbox 2114 3755 2425 3823; x_wconf 78' lang='lat' dir='ltr'>dignitatem</span> <span class='ocrx_word' id='word_1_558' title='bbox 2506 3757 2627 3806; x_wconf 80' lang='lat' dir='ltr'>Kal.</span> 
     </span>
     <span class='ocr_line' id='line_1_96' title="bbox 1565 3831 2623 3896; baseline 0 -13"><span class='ocrx_word' id='word_1_559' title='bbox 1565 3831 1920 3883; x_wconf 77' lang='lat' dir='ltr'>Quinctilibus</span> <span class='ocrx_word' id='word_1_560' title='bbox 1972 3832 2230 3896; x_wconf 81' lang='lat' dir='ltr'>auspicati</span> <span class='ocrx_word' id='word_1_561' title='bbox 2295 3839 2468 3884; x_wconf 83' lang='lat' dir='ltr'>erant.</span> <span class='ocrx_word' id='word_1_562' title='bbox 2531 3834 2623 3883; x_wconf 85' lang='lat' dir='ltr'>Se·</span> 
     </span>
     <span class='ocr_line' id='line_1_97' title="bbox 1563 3908 2623 3961; baseline 0.004 -4"><span class='ocrx_word' id='word_1_563' title='bbox 1563 3909 1789 3958; x_wconf 84' lang='lat' dir='ltr'>cundum</span> <span class='ocrx_word' id='word_1_564' title='bbox 1812 3923 1902 3958; x_wconf 87' lang='lat' dir='ltr'>eos</span> <span class='ocrx_word' id='word_1_565' title='bbox 1931 3909 2180 3960; x_wconf 84' lang='lat' dir='ltr'>Camillus</span> <span class='ocrx_word' id='word_1_566' title='bbox 2199 3908 2369 3960; x_wconf 71' lang='lat' dir='ltr'>factm</span> <span class='ocrx_word' id='word_1_567' title='bbox 2408 3919 2491 3961; x_wconf 88' lang='lat' dir='ltr'>est</span> <span class='ocrx_word' id='word_1_568' title='bbox 2515 3911 2623 3960; x_wconf 80' lang='lat' dir='ltr'>dic-</span> 
     </span>
     <span class='ocr_line' id='line_1_98' title="bbox 1564 3985 2622 4051; baseline 0.004 -18"><span class='ocrx_word' id='word_1_569' title='bbox 1564 3989 1704 4033; x_wconf 75' lang='lat' dir='ltr'>tator</span> <span class='ocrx_word' id='word_1_570' title='bbox 1734 3998 1872 4035; x_wconf 89' lang='lat' dir='ltr'>anno</span> <span class='ocrx_word' id='word_1_571' title='bbox 1902 3999 2003 4050; x_wconf 87' lang='lat' dir='ltr'>qno</span> <span class='ocrx_word' id='word_1_572' title='bbox 2035 3985 2202 4036; x_wconf 78' lang='lat' dir='ltr'>Roma</span> <span class='ocrx_word' id='word_1_573' title='bbox 2228 3993 2386 4051; x_wconf 80' lang='lat' dir='ltr'>capta</span> <span class='ocrx_word' id='word_1_574' title='bbox 2418 3996 2531 4049; x_wconf 87' lang='lat' dir='ltr'>est;</span> <span class='ocrx_word' id='word_1_575' title='bbox 2564 3995 2622 4038; x_wconf 85' lang='lat' dir='ltr'>et</span> 
     </span>
     <span class='ocr_line' id='line_1_99' title="bbox 1562 4058 2617 4128; baseline 0.005 -20"><span class='ocrx_word' id='word_1_576' title='bbox 1562 4058 1790 4123; x_wconf 85' lang='lat' dir='ltr'>quidem,</span> <span class='ocrx_word' id='word_1_577' title='bbox 1813 4067 1874 4111; x_wconf 82' lang='lat' dir='ltr'>nt</span> <span class='ocrx_word' id='word_1_578' title='bbox 1894 4061 2139 4113; x_wconf 77' lang='lat' dir='ltr'>Perizon.</span> <span class='ocrx_word' id='word_1_579' title='bbox 2159 4064 2368 4126; x_wconf 75' lang='lat' dir='ltr'>statuit,</span> <span class='ocrx_word' id='word_1_580' title='bbox 2390 4064 2503 4128; x_wconf 87' lang='lat' dir='ltr'>ejus</span> <span class='ocrx_word' id='word_1_581' title='bbox 2526 4064 2617 4113; x_wconf 85' lang='lat' dir='ltr'>ini·</span> 
     </span>
     <span class='ocr_line' id='line_1_100' title="bbox 1561 4137 2616 4204; baseline 0.005 -20"><span class='ocrx_word' id='word_1_582' title='bbox 1561 4137 1656 4198; x_wconf 86' lang='lat' dir='ltr'>tio,</span> <span class='ocrx_word' id='word_1_583' title='bbox 1700 4137 1801 4193; x_wconf 83' lang='lat' dir='ltr'>vel,</span> <span class='ocrx_word' id='word_1_584' title='bbox 1840 4144 1899 4187; x_wconf 90' lang='lat' dir='ltr'>ut</span> <span class='ocrx_word' id='word_1_585' title='bbox 1936 4137 2207 4189; x_wconf 75' lang='lat' dir='ltr'>Dodsvello</span> <span class='ocrx_word' id='word_1_586' title='bbox 2245 4140 2461 4204; x_wconf 83' lang='lat' dir='ltr'>placuit,</span> <span class='ocrx_word' id='word_1_587' title='bbox 2498 4146 2616 4189; x_wconf 79' lang='lat' dir='ltr'>aute</span> 
     </span>
     <span class='ocr_line' id='line_1_101' title="bbox 1559 4214 2615 4281; baseline 0.002 -16"><span class='ocrx_word' id='word_1_588' title='bbox 1559 4214 1912 4266; x_wconf 72' lang='lat' dir='ltr'>Decembrem</span> <span class='ocrx_word' id='word_1_589' title='bbox 1949 4214 2205 4281; x_wconf 79' lang='lat' dir='ltr'>elapsum,</span> <span class='ocrx_word' id='word_1_590' title='bbox 2251 4215 2437 4267; x_wconf 71' lang='lat' dir='ltr'>Gallos</span> <span class='ocrx_word' id='word_1_591' title='bbox 2470 4218 2615 4273; x_wconf 84' lang='lat' dir='ltr'>vicit,</span> 
     </span>
     <span class='ocr_line' id='line_1_102' title="bbox 1558 4292 2615 4360; baseline 0.006 -19"><span class='ocrx_word' id='word_1_592' title='bbox 1558 4300 1615 4341; x_wconf 87' lang='lat' dir='ltr'>et</span> <span class='ocrx_word' id='word_1_593' title='bbox 1631 4292 1813 4343; x_wconf 80' lang='lat' dir='ltr'>urbem</span> <span class='ocrx_word' id='word_1_594' title='bbox 1831 4292 2045 4344; x_wconf 80' lang='lat' dir='ltr'>Romam</span> <span class='ocrx_word' id='word_1_595' title='bbox 2065 4308 2133 4344; x_wconf 84' lang='lat' dir='ltr'>ex</span> <span class='ocrx_word' id='word_1_596' title='bbox 2151 4307 2331 4345; x_wconf 84' lang='lat' dir='ltr'>eorum</span> <span class='ocrx_word' id='word_1_597' title='bbox 2353 4301 2615 4360; x_wconf 78' lang='lat' dir='ltr'>potestate</span> 
     </span>
    </p>
   </div>
  </div>
 </body>
</html>
