2934 4925
726 432 797 479 T.
846 430 1036 480 mvn
1086 429 1284 479 msr.
1334 428 1482 478 mn.
1529 429 1629 477 vt.
1672 430 1838 479 oar.
1881 411 1992 477 12.

260 569 567 622 Ascensium
591 573 745 623 variis
778 574 901 625 edd.
932 574 1240 638 Mogontia»,
1261 580 1319 624 et

259 651 308 698 in
359 652 598 699 omnihus
652 653 1030 702 recentioribus
1095 653 1319 714 excusis,

260 734 608 791 praeterquam
651 731 788 792 apud
823 729 1038 795 Aldum,
1070 732 1178 794 qni,
1212 743 1321 778 ser·

259 816 379 856 vans
410 805 460 852 si
495 806 578 867 qui
607 805 718 867 Dii,
741 806 991 855 Rhenano
1020 807 1065 855 si
1095 807 1211 870 quid
1231 807 1323 857 Dii

257 881 569 931 emendandi
604 885 924 934 occasionem
956 885 1122 936 dedit.
1187 887 1321 936 Rhe-

256 971 387 1007 nano
422 956 609 1008 favent
638 974 815 1009 omnes
835 961 1039 1025 scripti,
1058 961 1156 1011 nisi
1179 960 1321 1026 quod

257 1047 412 1083 voces
450 1035 499 1083 si
534 1037 647 1099 quid
683 1038 993 1087 omittantur
1026 1041 1077 1087 iu
1100 1038 1249 1087 Harl.
1272 1042 1321 1087 1.

258 1123 543 1175 eorumque
567 1112 677 1161 loco
712 1114 838 1162 sicut
872 1111 1158 1177 praeferant
1180 1113 1320 1162 Flor.

257 1194 307 1237 et
337 1189 473 1237 Lov.
497 1193 548 1238 3.
586 1197 843 1253 pra-terea
883 1193 1059 1239 antem
1100 1189 1192 1252 Di,
1227 1202 1323 1252 pro

257 1264 367 1322 Dii,
401 1264 636 1314 habeant
657 1267 797 1315 Flor.
821 1274 877 1315 et
901 1267 1049 1315 Leid.
1071 1271 1120 1324 1.
1182 1266 1324 1316 Vide

259 1340 321 1388 ad
348 1354 402 1390 v·
433 1345 515 1392 14.
536 1344 564 1406 §
588 1347 637 1391 4.
669 1342 716 1391 si
746 1344 859 1408 quid
882 1344 977 1392 Dii
1008 1344 1170 1393 vident
1212 1357 1327 1393 rec·

259 1424 367 1466 tum
405 1427 509 1468 est.
579 1421 778 1470 Ultima
810 1421 963 1470 litera
990 1421 1081 1470 τοῦ
1114 1420 1232 1484 quid
1250 1421 1325 1469 in·

257 1500 504 1559 tercepta
538 1504 655 1546 erat
693 1498 759 1547 ab
798 1497 988 1547 initiali
1028 1499 1172 1546 vocis
1214 1511 1324 1559 seu.

258 1571 395 1621 Vide
437 1572 507 1622 ad
544 1585 715 1623 xxm.
743 1576 794 1623 8.
821 1575 921 1637 §a
989 1573 1195 1625 Deinde
1232 1573 1328 1622 Dii

258 1664 561 1713 auguresque
579 1648 763 1714 fragm.
788 1651 925 1701 Har.
945 1665 974 1699 a
998 1665 1068 1700 m.
1089 1664 1168 1714 pr.
1188 1639 1344 1714 qnod'

255 1725 314 1772 in
352 1734 662 1775 contextum
707 1726 926 1790 inrepsit
967 1741 1035 1776 ex
1079 1728 1327 1789 margine,

257 1801 343 1850 ubi
364 1815 396 1850 a
418 1803 711 1852 Scholiasta
731 1804 808 1854 ita
825 1805 1115 1867 expositum
1135 1803 1331 1864 fuerat,

257 1878 381 1941 quia
405 1880 713 1928 dictatorem
735 1881 1068 1943 ‘auspicato'
1094 1882 1328 1944 prodisse

258 1956 440 2004 Livius
474 1957 633 2006 modo
660 1957 885 2020 dixerat,
917 1965 972 2009 et
1006 1973 1128 2008 mox
1162 1957 1331 2021 addit,

264 2032 411 2081 Deos
431 2032 721 2086 Romanum
746 2033 1018 2085 ‘secundis
1041 2036 1220 2085 avibus
1236 2035 1250 2057 ’
1274 2036 1328 2086 in

259 2112 504 2173 proelium
540 2113 770 2162 mittere.
834 2114 1069 2164 ‘Vates’
1107 2128 1203 2177 pro
1241 2130 1329 2164 au·

259 2203 390 2252 gnte
436 2190 593 2239 etiam
640 2198 720 2240 est
770 2190 907 2254 apud
952 2192 1167 2242 Florum
1203 2206 1244 2243 ῐ.
1280 2197 1332 2243 7.

257 2265 274 2291 ‘
293 2265 575 2328 Templum
608 2258 803 2326 erexit,
825 2267 966 2332 quod
997 2281 1151 2333 quum
1187 2270 1333 2318 inau-

258 2349 556 2403 guraretur,
593 2342 903 2393 cedentibus
944 2345 1137 2394 ceteris
1181 2346 1331 2402 Deis,

257 2418 504 2470 restitere
525 2419 782 2471 Juveutas
798 2426 855 2470 et
868 2420 1161 2472 Terminus.
1206 2421 1331 2472 Pla·

256 2494 373 2545 cuit
426 2495 635 2545 vatibus
689 2496 1064 2547 contumacia.’
1154 2497 1332 2546 Livius

258 2572 502 2621 eamdem
528 2586 636 2620 rem
660 2585 879 2621 narrans
900 2572 1050 2633 dicit,
1072 2572 1089 2600 ‘
1105 2575 1332 2622 omnium

256 2650 573 2698 sacellorum
607 2650 1043 2712 exaugurationes
1066 2650 1335 2699 admisisse

261 2736 410 2781 ave‘s,
433 2725 487 2773 in
510 2726 744 2773 Termini
765 2724 888 2774 fano
909 2739 1012 2774 non
1037 2725 1338 2774 addixissess

259 2815 302 2855 1.
326 2805 414 2851 55.
474 2802 724 2850 Similiter
745 2801 796 2850 in
819 2800 916 2850 hac
941 2800 1155 2850 historia
1176 2801 1331 2851 Dion.

259 2878 445 2927 Halic.
465 2877 645 2943 Antiq.
668 2892 756 2930 111.
780 2894 832 2942 p.
855 2870 971 2928 202.
990 2876 1183 2939 μάντεις
1201 2883 1337 2927 votes

259 2960 437 3018 vocat,
461 2966 590 3019 quos
622 2961 776 3015 antea
804 2951 1116 3004 οἰωνοπόλους
1131 2966 1340 3014 augures

258 3038 499 3079 vocarat.
571 3030 776 3080 Valesve
802 3038 883 3080 est
906 3032 959 3079 in
984 3030 1120 3080 Flor.
1187 3031 1335 3080 Prae·

262 3115 415 3158 terea
452 3113 615 3158 nostra
644 3114 718 3158 est
752 3109 973 3166 victorio,
1008 3109 1336 3173 transpositis

262 3183 610 3246 dictionibus,
631 3185 764 3249 legit
788 3186 938 3236 Harl.
961 3190 1011 3234 2.

336 3261 408 3310 Ut
426 3263 564 3310 decet
584 3267 729 3316 certoe
751 3262 853 3326 spei
868 3264 1052 3325 plenos,
1065 3267 1114 3312 et
1134 3276 1241 3313 cuns
1259 3262 1334 3311 iu-

260 3338 463 3400 poribus
482 3353 652 3388 manus
678 3337 1002 3401 conserturos]
1041 3339 1336 3388 Camertum

263 3404 424 3462 Voss.
446 3418 500 3463 2.
519 3424 574 3464 et
598 3415 725 3465 Lov.
743 3418 794 3464 3.
841 3415 945 3478 spei
980 3430 1088 3463 cum
1113 3415 1255 3478 'plebe
1287 3419 1334 3463 et

264 3504 372 3539 cum
388 3489 652 3553 imparibus
670 3505 836 3539 monus
851 3490 1118 3540 conserturi
1140 3490 1268 3541 Lov.
1287 3493 1339 3539 2.

264 3568 368 3630 spei
389 3568 542 3632 pleni,
565 3583 670 3616 cum
698 3567 832 3630 plebs
864 3574 914 3618 et
942 3582 1048 3617 cum
1079 3565 1339 3633 imparibus

262 3658 434 3693 monus
486 3644 771 3700 conserturi,
823 3650 1048 3708 utraque
1113 3644 1338 3694 lectione

256 3719 467 3783 juncta,
504 3721 631 3769 Lov.
654 3725 703 3771 4.
743 3721 852 3783 'spei
876 3721 1007 3782 pleni
1043 3725 1092 3769 et
1125 3735 1234 3769 cum
1261 3720 1338 3769 in·

263 3799 464 3861 paribus
494 3813 661 3848 manus
692 3799 982 3847 conserturis
1014 3798 1161 3848 Harl.
1194 3801 1244 3846 2.
1280 3804 1339 3845 ut

269 3877 395 3925 dare
422 3876 646 3924 voluisse
668 3874 834 3923 videri
870 3866 1205 3938 possiti-ertit
1236 3874 1340 3936 spei

263 3953 420 4014 plenis
455 3954 504 4000 et
534 3951 842 3999 comer-turis.
908 3948 984 3998 At
1016 3951 1337 3999 nihilmuto.

273 4027 418 4076 Vide*
449 4027 517 4075 ad
560 4039 764 4077 xxxlv.
801 4030 883 4076 58.
921 4028 950 4091 ς
983 4029 1032 4076 8.
1105 4027 1174 4076 Ut
1209 4028 1340 4075 decet

270 4109 413 4152 certoe
433 4102 537 4165 spei
555 4104 719 4164 plenos
739 4117 841 4151 esse
866 4102 1017 4150 Harl.
1040 4106 1090 4151 2.

273 4196 281 4205 ·
334 4178 466 4227 Pilia
479 4183 594 4226 onte
608 4178 748 4240 pedes
761 4177 958 4241 positis]
981 4179 1085 4233 Sic,
1101 4190 1203 4227 non
1222 4179 1340 4227 mis·

273 4253 345 4302 sis
370 4254 510 4317 pilis,
531 4252 709 4302 statim
726 4253 913 4315 gladiis
930 4268 1014 4302 res
1039 4263 1188 4317 gesta
1210 4260 1290 4303 est
1306 4256 1340 4302 l.

270 4341 333 4379 ιι.
347 4334 542 4380 c.80.c.
555 4332 639 4383 45.
654 4343 704 4379 c.
717 4329 1007 4380 65.etl.1x.
1024 4343 1071 4381 c.
1085 4334 1168 4381 13.
1188 4328 1341 4384 Quod

2285 414 2463 480 7917

1397 589 1517 623 suos
1539 589 1642 624 non
1668 574 1734 624 ab
1758 575 1872 624 acie
1896 586 2231 639 procurrere,
2254 575 2342 624 sed
2368 576 2461 624 im-

1398 658 1575 715 petum
1612 652 1832 702 hostium
1867 652 2112 714 excipere
2147 653 2282 714 vult,
2302 655 2465 708 etiam

1396 727 1660 789 Virginius
1687 728 1911 791 jubebat
1935 742 2001 777 n.
2035 732 2116 778 30.
2138 736 2193 780 et
2218 729 2463 792 Pompei-

1396 820 1458 854 us
1483 804 1620 868 apud
1644 805 1779 855 Caes.
1804 805 1941 854 Bell.
1963 805 2073 854 civ.
2098 817 2188 856 111.
2209 809 2293 854 92.
2357 804 2460 854 Sed

1397 897 1499 932 non
1525 882 1777 945 probabat
1798 882 1994 931 Caesar.
2028 882 2167 933 Dak.

1467 959 1663 1009 Clodiis
1703 963 1889 1008 tautum
1928 961 2153 1008 dextram
2203 957 2463 1024 armemus]

1398 1036 1522 1085 Vet.
1563 1035 1654 1085 lib.
1698 1037 1936 1085 dexteros.
1978 1036 2154 1097 Sigon.
2221 1036 2467 1090 Dextram

1398 1109 1603 1164 demum
1622 1110 1866 1175 adparuit
1887 1112 1938 1160 in
1958 1111 2196 1161 Frobenii
2212 1110 2296 1160 ed.
2318 1114 2465 1162 158⁶.

1400 1187 1539 1250 quod
1606 1197 1801 1250 praeter
1854 1187 2184 1249 Sigonianas,
2238 1189 2467 1237 dexteru

1404 1262 1768 1327 praeferentes,
1814 1271 2087 1315 servarunt
2146 1265 2467 1319 recentiores

1405 1351 1572 1403 usque
1613 1341 1683 1389 ad
1729 1340 2068 1396 Gronovium,
2106 1340 2192 1403 qui
2234 1354 2285 1388 a.
2319 1343 2465 1394 1665.

1401 1418 1601 1474 dextras
1621 1419 1905 1472 revocavit,
1927 1415 2352 1482 quemadmodum
2376 1431 2466 1466 ex·

1404 1494 1518 1544 cusi
1559 1502 1682 1544 ante
1718 1493 2031 1543 Frobenium
2068 1492 2377 1553 habueruut,
2410 1498 2468 1542 et

1402 1581 1644 1635 superest
1666 1572 1717 1621 in
1741 1569 1975 1620 omnibus
1992 1569 2120 1619 meis
2143 1570 2272 1618 Mss.
2295 1569 2469 1620 Arme-

1404 1662 1508 1698 mus
1527 1651 1748 1709 dea-trus,
1777 1647 1829 1696 in
1865 1646 2018 1695 alium
2045 1644 2279 1694 ordinem
2303 1646 2473 1708 diges-

1404 1724 1473 1774 tis
1498 1723 1784 1784 vocabulis,
1811 1723 1938 1772 Lov.
1959 1725 2012 1770 4.
2396 1769 2411 1784 ‚

1472 1803 1551 1851 No
1589 1800 1808 1864 procurri
1843 1799 2032 1862 quidem
2069 1797 2130 1850 ab
2165 1798 2266 1848 acie
2304 1797 2473 1862 velim]

1406 1880 1512 1932 Nec
1527 1877 1747 1942 procurri
1767 1875 1954 1939 quidem
1976 1874 2126 1926 Harl.
2150 1878 2199 1924 2.
2237 1875 2383 1923 Port.
2414 1881 2471 1924 et

1404 1956 1587 2017 prima>
1626 1952 1748 2004 edd.
1812 1941 1974 2002 Male.
2041 1950 2183 2000 Vide
2214 1952 2278 2000 ad
2313 1965 2350 1999 ι.
2386 1955 2470 2001 10.

1405 2035 1434 2098 §
1457 2034 1508 2081 3.
1577 2032 1680 2081 Nec
1707 2030 1770 2080 ab
1788 2030 1893 2080 acie
1920 2029 2142 2091 procurri
2163 2029 2367 2091 quidem,
2393 2027 2471 2075 in-

1405 2123 1566 2172 super
1606 2106 1789 2158 ordine
1833 2119 2017 2160 vocum
2063 2112 2285 2167 mutato,
2331 2104 2471 2155 Hav-

1400 2184 1720 2249 proeuratori,
1767 2198 1864 2245 pro
1904 2182 2141 2245 procurri,
2184 2181 2469 2232 dormitans

1407 2264 1556 2313 dedit
1596 2262 1832 2312 librarius
1874 2261 2099 2310 Gaertn.
2181 2261 2268 2308 De
2314 2256 2479 2306 verbo

1406 2348 1422 2371 ‘
1442 2353 1747 2406 procurrere
1766 2338 1781 2360 ⁹
1814 2339 1866 2386 in
1890 2339 1987 2387 hac
2013 2350 2071 2385 re
2094 2335 2325 2400 proprio,
2350 2333 2470 2382 vide

1407 2433 1526 2483 quae
1568 2424 1816 2468 notantur
1857 2413 1924 2465 ad
1971 2412 2156 2465 Silium
2198 2412 2325 2462 Ital.
2369 2421 2475 2459 vn.

1408 2500 1522 2546 566.

1485 2573 1584 2624 Sed
1608 2569 1836 2620 obnoxios
1855 2585 1939 2620 vos
1959 2568 2124 2619 stabili
2145 2568 2306 2629 gradu
2340 2565 2475 2628 iape-

1406 2656 1510 2700 tum
1549 2650 1756 2699 hostium
1797 2645 2038 2710 excipere]
2082 2644 2133 2694 Ο
2175 2643 2475 2707 pudendum

1406 2727 1642 2793 lapsum!
1680 2726 1894 2787 Repoue
1927 2725 2008 2775 sed
2036 2722 2234 2770 obnixos
2271 2735 2350 2768 cos
2373 2724 2476 2768 stu·

1410 2804 1496 2854 bili
1533 2805 1694 2865 gradu
1723 2803 1951 2866 impeturn
1987 2798 2193 2848 hostium
2224 2797 2477 2858 excipere.-

1408 2881 1475 2932 ab
1496 2883 1512 2911 ‘
1528 2877 1847 2931 obnitendo!
1907 2877 1995 2927 Sic
2019 2889 2123 2925 vu.
2144 2878 2226 2924 83.
2248 2880 2262 2901 ‘
2281 2868 2478 2931 Stant,'

1407 2958 1601 3024 inquit,
1667 2962 1684 2985 ‘
1712 2953 1892 3016 obnixi
1947 2949 2260 3005 Samnites.’
2318 2949 2477 2997 ΕΜ.

1411 3035 1628 3085 obnixos
1659 3031 1950 3096 praeferunt
1981 3043 2084 3079 non
2108 3025 2258 3076 modo
2278 3038 2479 3087 omnes,

1408 3127 1535 3178 qnos
1559 3109 1794 3169 adhibui,
1819 3107 2026 3171 scripti,
2058 3105 2241 3171 (unum
2267 3100 2475 3165 excipio

1409 3191 1540 3240 Lor.
1557 3191 1607 3238 4.
1620 3188 1672 3236 in
1691 3200 1795 3251 quo
1816 3187 1926 3249 ejus
1943 3185 2059 3233 loco
2074 3182 2206 3230 ocius
2227 3174 2478 3238 invenio)

1410 3266 1502 3314 sed
1546 3273 1603 3314 et
1647 3263 1914 3326 pleraeque
1960 3259 2301 3309 vetustiorum
2352 3252 2475 3303 edd.

1411 3346 1570 3395 Certe
1602 3342 1825 3391 obnoxios
1857 3346 2059 3390 tantum
2096 3336 2265 3399 reperi
2296 3334 2347 3382 in
2370 3332 2477 3381 Ve-

1411 3419 1548 3469 netis
1569 3422 1716 3469 1495.
1734 3423 1791 3466 et
1818 3421 1960 3465 1506.
1982 3422 2088 3464 tum
2111 3412 2274 3461 tribus
2292 3407 2479 3471 priori-

1411 3495 1509 3545 bus
1538 3493 1898 3549 ·Ascensianis,
1933 3490 2142 3549 Aldina,
2166 3487 2405 3538 Parisios
2427 3498 2477 3532 a.

1412 3576 1562 3622 1529.
1595 3577 1652 3620 et
1689 3570 2017 3619 Frobeniana
2053 3564 2230 3630 priori.
2300 3560 2477 3611 Livius

1414 3660 1544 3696 vm.
1566 3649 1649 3695 38.
1683 3651 1699 3673 ‘
1719 3644 1783 3693 In
1821 3658 1913 3693 suo
1955 3643 2168 3705 quisque
2197 3637 2360 3700 gradu
2383 3635 2479 3685 ob·

1412 3723 1521 3772 nixi
1565 3729 1846 3784 urguentes
1890 3718 2072 3773 scutis,
2107 3716 2217 3764 sine
2257 3713 2479 3775 respira·

1414 3800 1558 3849 tione
1602 3811 1663 3848 ae
1701 3804 1946 3861 respectu
1977 3788 2349 3857 pugnabantt’
2389 3788 2478 3838 ubi

1414 3876 1655 3925 similiter
1710 3878 1932 3936 peccant
1983 3869 2180 3919 librarii
2223 3866 2477 3932 plerique.

1414 3952 1586 4001 Tacit.
1613 3951 1745 3999 Hist.
1770 3962 1836 3997 11.
1852 3953 1901 3997 5.
1925 3945 2305 4008 ‘Vespasianus
2321 3949 2480 3992 nocte

1415 4027 1608 4090 dinque
1636 4025 1871 4078 consilio,
1911 4035 1996 4082 ac,
2030 4014 2075 4069 si
2103 4034 2184 4068 res
2217 4025 2477 4083 posceret,

1416 4116 1568 4151 manu
1605 4100 1839 4148 hostibus
1874 4097 2078 4148 obniti)
2142 4096 2328 4158 Virgil.
2359 4094 2479 4143 AEu.

1416 4190 1472 4227 x.
1510 4180 1625 4224 859.
1655 4174 1902 4238 ‘Auceps
1948 4189 2117 4238 pugna
2159 4174 2287 4222 diu:
2333 4177 2482 4220 stant

1417 4251 1605 4302 obnisi*
1631 4251 1804 4300 omnia
1855 4250 2075 4301 coutra.'
2136 4249 2336 4300 AEneid.
2374 4260 2479 4296 ΧΠ.

1415 4334 1535 4381 720.
1554 4336 1582 4387 ‚‘
1602 4326 1688 4379 Illi
1712 4329 1852 4378 inter
1870 4343 1987 4378 sese
2009 4327 2172 4378 multa
2190 4326 2240 4374 vi
2265 4325 2479 4374 vulnera
