2934 4925
731 404 802 452 T.
851 402 1042 452 mvn
1084 401 1290 467 fflsr.
1338 403 1491 460 mn,
1539 403 1642 460 ,vl-
1686 402 1853 453 oar.
1895 386 2005 453 32.

263 547 287 578 ·‘
305 545 403 596 Ubi
439 545 622 604 hostes
654 544 722 596 ad
758 560 982 611 pugnam
1022 547 1216 605 elicere
1240 561 1327 598 ne·

268 623 412 689 quit)
469 637 594 673 xxx.
635 628 717 673 54.
762 625 779 652 ⁸
810 624 1138 689 obequitare
1170 625 1329 688 jubet

268 701 492 749 bostium
528 702 713 763 portis,
733 693 1122 766 ¹jaculandoque
1146 704 1198 751 in
1222 710 1327 752 sta-

267 777 435 825 tiones
482 776 674 825 elicere
719 776 782 824 ad
834 791 1055 840 pugnam
1099 775 1331 842 hostem?

268 866 403 904 xxv.
424 858 504 903 15.
528 860 544 883 ‘
563 854 731 905 Quem
752 852 911 903 facile
930 853 1049 903 elici
1071 854 1134 902 ad
1158 862 1329 912 certa-

255 944 385 991 men
411 938 611 980 temere
635 929 914 980 ineundum
940 930 1187 980 rebantur
1210 946 1328 996 pos-

265 1003 357 1054 se.’
407 1019 544 1055 xmr.
578 1010 661 1054 64.
693 1005 857 1056 ‘Elici
897 1021 1050 1069 posse
1078 1015 1227 1062 ratus
1261 1008 1326 1057 ad

264 1091 508 1146 equestre
531 1092 800 1132 certamen
825 1083 1122 1138 Romanos.'
1170 1086 1329 1134 Fron-

259 1160 358 1220 ‚tin.
399 1173 461 1210 u.
496 1167 547 1210 5.
580 1176 664 1209 ex.
686 1164 770 1212 34·
802 1162 817 1189 ‘
836 1160 1125 1232 Parte-alia
1148 1161 1330 1214 Gallos

265 1236 659 1302 Germanosque
703 1252 767 1287 ea
808 1235 1035 1288 factione
1085 1238 1230 1288 Casti
1273 1245 1329 1298 et

253 1313 493 1376 ‘Gannici
514 1315 732 1365 eliceret
752 1315 815 1365 ad
841 1330 1062 1380 pugnam
1081 1313 1114 1361 ε’
1148 1330 1232 1366 ex.
1248 1320 1330 1366 46.

266 1397 281 1419 ‘
300 1392 473 1443 Quum
515 1393 734 1453 haberet
758 1392 1096 1450 ducentarum
1123 1393 1329 1442 navium

264 1468 503 1531 classem,
532 1477 588 1519 et
623 1469 847 1528 bostium
870 1485 1028 1520 naves
1051 1470 1241 1531 elicere
1263 1469 1330 1520 ad

262 1547 507 1609 proelium
536 1548 727 1597 vellet-⁹

255 1629 260 1634 '
329 1624 356 1687 §
380 1628 411 1673 8
436 1621 611 1686 Itaque
621 1613 1022 1691 omnibuspassim
1033 1626 1174 1676 tectis
1188 1640 1329 1688 agro-

264 1713 389 1765 rum,
420 1701 631 1765 vicisque
661 1705 811 1753 etiam
831 1703 1105 1766 quibusdam
1122 1705 1328 1768 exustis]

266 1776 348 1842 Ita
397 1779 617 1830 omuibus
662 1780 898 1844 quaedam
927 1790 1169 1840 ,veterum
1203 1781 1330 1834 edd.

264 1867 360 1917 pro
393 1871 499 1920 quo
537 1863 711 1907 tamen
740 1859 854 1921 jam
890 1859 1336 1923 utraquesfarvis.

267 1939 374 1982 tum
396 1934 609 1983 Veneta
626 1938 773 1985 1495.
796 1942 852 1986 et
876 1940 1022 1985 1506.
1050 1943 1209 2000 atque
1233 1935 1330 1984 As·

266 2011 529 2060 censianae
586 2011 755 2075 Itaque
802 2019 1137 2075 receperunt,
1191 2012 1330 2080 ,quod

264 2087 416 2137 etiam
455 2088 512 2137 in
547 2089 668 2138 edd.
701 2089 850 2139 Rom.
882 2093 1031 2140 1472.
1060 2096 1118 2139 et
1151 2090 1329 2141 Parm-

265 2171 420 2228 atque
457 2166 513 2214 in
551 2167 787 2215 omnibus
823 2171 904 2215 est
941 2167 1171 2230 scriptis.
1236 2167 1329 2217 So·

261 2241 370 2291 lent
406 2248 586 2293 autem
628 2243 751 2294 alibi
788 2257 942 2294 voces
977 2244 1051 2291 ila
1084 2249 1141 2306 et
1171 2244 1331 2307 itaque

261 2318 536 2376 confundi.
569 2320 707 2369 Vide
723 2320 788 2372 ad
805 2320 1132 2383 xxr.63.§7.
1167 2322 1331 2370 Delu-

262 2394 328 2454 ,de
350 2396 571 2454 omnibus
581 2398 762 2460 passim
778 2396 938 2452 tectis,
958 2396 1095 2458 agn-ie
1111 2396 1264 2445 Harl.
1280 2400 1330 2447 2.

260 2473 387 2525 Tum
410 2473 639 2537 cujusque
658 2475 805 2525 etiam
832 2474 961 2538 quib.
995 2489 1075 2524 ex.
1109 2472 1258 2523 Leid.
1284 2478 1330 2522 1.

260 2551 503 2614 captisque
521 2551 667 2601 etiam
686 2549 816 2614 quib·
841 2565 921 2601 ex.
945 2550 1073 2599 Lov,
1094 2554 1145 2600 2.
1190 2550 1332 2601 vicis-

260 2642 346 2691 que
366 2629 417 2677 in
439 2628 575 2692 quib.
597 2643 676 2681 ex,
703 2628 853 2679 Harl.
876 2631 925 2676 2.
950 2627 1098 2681 Port.
1120 2635 1172 2677 et
1195 2628 1333 2679 Hav.

330 2707 498 2762 Omni,
523 2721 631 2768 quoe
660 2711 803 2757 extra
838 2705 1012 2757 moeuia
1027 2705 1154 2765 fuit,
1188 2706 1333 2754 homi-

258 2798 370 2834 uum
398 2784 721 2847 pecudumque
737 2784 905 2845 praeda
924 2780 1116 2845 abacta]
1164 2783 1331 2844 Omni·

261 2875 349 2923 que
365 2866 516 2927 extra
545 2860 716 2909 moenia
748 2858 874 2908 hom.
902 2856 1221 2924 pecudumque
1253 2873 1332 2922 pr.

217 2980 222 2985 .
261 2937 336 2988 ab.
359 2939 515 2987 Voss.
542 2940 595 2986 2.
629 2943 684 2985 et
709 2937 841 2987 Lov.
863 2940 911 2985 3.
966 2937 1208 2991 Omnium,
1228 2949 1335 2998 qua

260 3022 402 3065 extra
424 3015 605 3065 moenia
624 3016 743 3073 sint,
763 3011 1002 3079 hominum
1017 3014 1335 3079 pecudumque

262 3091 486 3142 Gaertn.
538 3091 708 3147 amuis,
730 3104 834 3153 quoe
855 3095 997 3140 extra
1016 3089 1192 3138 moeuia
1210 3089 1337 3148 suit,

261 3168 506 3221 hominum
538 3170 861 3232 pecudumque
903 3167 1052 3216 Harl.
1088 3170 1148 3216 2.·
1183 3166 1335 3214 Port.

261 3244 401 3296 Hav·
424 3255 482 3297 et
507 3246 734 3296 Hearnii
748 3245 921 3295 Oxou.
944 3245 1009 3293 Β.
1025 3252 1082 3295 et
1094 3244 1165 3294 N.
1196 3243 1333 3291 Prae·

260 3325 371 3374 dam
391 3325 617 3374 abactam
638 3337 915 3388 perperam
939 3328 1172 3372 ostentat
1196 3321 1335 3369 Flor.

327 3401 538 3452 Romam
578 3391 815 3464 utrimque
852 3399 1090 3449 exercitu-r
1123 3398 1336 3462 reducti]

269 3476 477 3539 Utrique
497 3475 742 3531 exercitus
776 3474 930 3524 Harl.
957 3478 1005 3523 1.
1027 3483 1082 3523 et
1105 3472 1226 3525 edd.
1250 3488 1335 3522 ve·

266 3555 533 3609 castiores.
617 3554 772 3617 Saepe
808 3552 1001 3614 utrique
1039 3559 1094 3600 et
1133 3554 1334 3613 utrique,

262 3630 373 3680 sive
408 3631 673 3694 utrimque,
703 3627 1025 3695 adscriptam
1056 3634 1228 3676 notam
1254 3627 1336 3680 vel

260 3706 560 3761 omittendo
584 3706 666 3763 vel
688 3703 949 3759 addendo,
969 3703 1106 3752 iuter
1127 3716 1184 3751 se
1201 3715 1336 3751 com-

262 3766 559 3834 mntantur.
626 3781 763 3831 Vide
787 3780 851 3830 ad
879 3795 932 3830 v.
955 3784 1037 3828 47.
1073 3780 1101 3842 §
1125 3782 1204 3829 11.
1258 3789 1339 3837 vr.

265 3863 313 3908 9.
338 3862 365 3925 §
393 3865 477 3910 10.
512 3873 594 3919 lx.¹
614 3860 740 3923 2⁷.§
766 3862 815 3907 3.
850 3873 897 3906 c.
921 3860 1002 3905 32.
1026 3859 1053 3920 §
1076 3860 1127 3917 5.
1185 3855 1338 3904 Utra-

264 3951 368 4000 que
396 3936 558 3985 lectio
582 3934 711 3985 ferri
743 3939 947 3998 potest;
984 3931 1174 3995 utraque
1201 3945 1337 3980 exer·

262 4014 423 4082 citus,-
457 4028 582 4062 uam
619 4014 894 4076 placuerat
928 4011 943 4036 ‘
972 4010 1103 4059 duos
1140 4008 1337 4057 exerci-

249 4093 386 4145 .tus'
434 4093 491 4140 in
536 4105 722 4154 agrum
759 4090 1010 4145 Volscum
1053 4085 1339 4147 legionibus

268 4170 451 4219 divisis
481 4169 623 4225 duci,
659 4174 720 4216 ut
751 4169 931 4217 Livius
954 4165 1054 4217 hoc
1085 4178 1200 4227 cap.
1228 4163 1339 4211 dix-

265 4247 329 4304 it,
361 4248 604 4309 utrimque
638 4244 859 4302 reducti;
895 4244 945 4292 id
985 4249 1063 4293 est
1097 4255 1162 4290 ex
1198 4248 1340 4291 utro-

267 4341 370 4391 que
394 4327 536 4397 loco.
570 4325 662 4391 Sp.
686 4324 871 4376 Furius
896 4321 1031 4393 enim
1051 4328 1107 4370 et
1132 4320 1207 4371 M.
1232 4318 1337 4374 Hor

2290 388 2466 468 8039

1404 548 1564 600 ratius
1586 548 1777 599 dextra
1791 562 1973 602 versus
1996 549 2305 603 maritimam
2319 566 2464 616 oram

1404 634 1561 692 atque
1584 627 1822 690 Antium,
1854 635 1911 680 at
1947 630 2015 682 Q.
2050 629 2297 682 Servilius
2325 638 2381 681 et
2404 632 2467 681 1..

1408 705 1674 768 Geganius
1711 706 1844 756 laeva
1878 707 1943 755 ad
1972 714 2180 760 montes
2217 709 2465 759 Ecetram

1410 791 1772 846 perrexerant.
1835 784 2112 849 Vulgatum
2134 786 2308 851 itaque
2331 801 2467 848 prae-

1402 858 1538 919 fero,
1571 861 1708 924 quod
1743 860 1961 912 Froben.
1999 863 2195 927 primus
2228 866 2378 913 1535.
2409 865 2464 912 in

1406 944 1708 986 contextum
1752 938 1971 1002 recepit.
2050 939 2158 989 Pro
2212 954 2275 989 eo
2312 940 2465 990 enim

1403 1020 1550 1064 stant
1571 1014 1745 1077 plures
1769 1030 1831 1064 ac
1852 1015 2098 1068 certiores
2118 1014 2271 1065 codd.
2316 1016 2465 1066 Prae·

1407 1098 1551 1140 terea
1573 1090 1755 1141 reducti
1774 1091 2009 1149 exercitus
2040 1092 2301 1156 principes
2325 1092 2467 1157 typis

1406 1170 1627 1233 exarati,
1662 1184 1756 1232 pro
1790 1184 1891 1235 quo
1924 1170 2092 1220 Aldus
2123 1169 2360 1224 exercitus
2389 1185 2469 1220 re·

1404 1246 1559 1306 ducti,
1593 1247 1683 1312 qui
1705 1245 1833 1297 ordo
1862 1248 2020 1297 etiarn
2054 1247 2209 1296 estin
2230 1246 2467 1300 omnibus

1406 1323 1636 1387 scriptis.
1702 1324 1925 1374 'variant
1948 1323 2276 1380 nibilominus
2296 1338 2312 1371 ε
2347 1337 2465 1373 nam

1399 1401 1644 1453 exercitus
1678 1401 1812 1450 ducti
1847 1400 2003 1451 babet
2041 1399 2181 1450 Flor.
2231 1400 2469 1450 exercitus

1405 1477 1599 1528 deducti
1619 1471 1839 1528 Gaertn.
1875 1478 2009 1528 vide
2028 1477 2125 1527 boc
2146 1476 2327 1532 lib-,ad
2351 1490 2468 1540 cap·

1404 1556 1488 1604 26.
1524 1556 1552 1616 §
1585 1558 1634 1604 8.
1698 1554 1957 1606 Exercitus
1989 1553 2198 1604 reductis
2232 1551 2465 1604 Leid.-2.

1406 1629 1546 1696 qnod
1584 1627 1723 1684 forte
1762 1632 1941 1682 datum
1978 1638 2059 1680 est
2097 1643 2193 1693 pro
2230 1629 2469 1680 exercitus

1405 1706 1737 1756 reducti-runt.
1773 1707 1944 1760 Quum
1967 1706 2103 1758 enim
2121 1704 2333 1754 verbum
2352 1711 2464 1764 suut

1408 1783 1564 1834 unica
1585 1784 1737 1833 litera
1769 1800 1794 1833 s
1826 1785 1878 1833 in
1903 1785 2032 1834 Mss.
2055 1784 2243 1847 passim
2267 1781 2468 1834 scriba·

1401 1867 1511 1917 tur,
1544 1874 1604 1909 ea
1639 1874 1777 1924 saepe
1813 1862 1878 1910 ab
1911 1860 2202 1930 inperitiori
2234 1858 2468 1924 librario,

1405 1938 1494 2001 qui
1533 1937 1894 2002 compendium
1932 1937 2057 1987 illud
2091 1951 2192 1987 non
2217 1935 2467 2000 adseque-

1406 2011 1580 2075 batur,
1602 2014 1923 2078 praecedenti
1947 2014 2057 2064 voci
2080 2011 2468 2078 adjunctafuit,

1401 2089 1541 2146 ‚vide
1563 2092 1629 2140 ad
1646 2105 1776 2148 va.
1796 2095 1874 2142 16.
1899 2093 1927 2156 ς
1951 2094 1999 2139 6.
2033 2090 2228 2139 Verum
2244 2082 2326 2155 liic
2340 2101 2465 2154 quo·

1406 2182 1508 2231 qne
1533 2170 1766 2232 pluribus
1789 2167 2161 2226 aemelioribus
2181 2166 2326 2218 libris
2343 2179 2467 2215 con·

1404 2246 1690 2307 sentio,.ac
1731 2246 1858 2297 nibil
1892 2251 2052 2298 muto.
2132 2244 2373 2295 Ceterum
2412 2240 2466 2292 in

1406 2325 1586 2376 multis
1608 2325 1762 2378 etiam
1785 2327 1914 2373 vett.
1937 2320 2058 2370 edd.
2090 2322 2239 2372 locus
2281 2332 2464 2383 perpe-

1406 2414 1518 2450 ram
1538 2401 1916 2465 interpunctas,
1938 2413 1998 2452 ac
2021 2398 2186 2462 major
2204 2395 2466 2448 distinctio

1409 2493 1526 2543 quae
1549 2485 1637 2529 est
1656 2483 1775 2542 post
1815 2490 1995 2527 vocem
2032 2474 2236 2536 reducti,
2271 2473 2467 2536 rejecta

1401 2562 1490 2613 est
1525 2563 1646 2619 post
1677 2555 1837 2603 verba
1869 2552 2139 2617 sequentia
2161 2549 2259 2599 hoc
2280 2548 2431 2599 modo
2448 2565 2466 2598 x

1405 2632 1645 2685 exereitus
1684 2628 1887 2691 reducti,
1926 2643 2074 2692 parvo
2113 2628 2362 2679 intervallo
2404 2627 2469 2676 ad

1406 2708 1737 2770 respirandum
1776 2704 2067 2757 debitoribus
2112 2705 2240 2753 dato.
2319 2703 2468 2759 ,Post-

1406 2800 1564 2847 quam,
1587 2789 1668 2848 ξε.
1772 2827 1785 2842 .
2012 2828 2020 2835 .
2270 2828 2277 2833 .

1475 2863 1612 2913 Cu».
1652 2872 1843 2913 xxxn.
1906 2861 1938 2923 ς
1977 2861 2004 2907 1
2064 2858 2269 2907 Tantam
2300 2855 2469 2914 ‚abesse

1406 2953 1513 3000 spes
1550 2938 1723 2986 veteris
1765 2936 1951 2985 kvandi
1981 2932 2210 2997 foeuort‘s]
2275 2932 2469 2995 Species

1407 3016 1560 3064 Voss.
1582 3018 1631 3062 2.
1651 3021 1708 3063 et
1735 3014 1864 3062 Lov.
1885 3016 1936 3061 8.
2002 3011 2141 3060 Vide
2165 3009 2230 3061 ud
2253 3022 2340 3058 111·
2362 3013 2413 3058 9.
2438 3011 2467 3073 §

1411 3095 1494 3140 13.
1524 3091 1653 3139 Tum
1679 3087 2078 3146 lavandifoeaoris
2099 3087 2252 3135 Voss.
2275 3088 2322 3133 1.
2358 3085 2467 3134 Ali-

1410 3167 1464 3218 bi
1496 3167 1652 3216 verba
1676 3167 1788 3216 baec
1817 3165 1870 3213 in
1896 3165 2024 3213 Msa.
2047 3160 2353 3215 commutari
2387 3175 2471 3210 so-

1408 3245 1538 3295 lent.
1581 3243 1714 3292 Vide
1736 3242 1853 3294 Nic.
1875 3241 2151 3291 Heinsium
2176 3240 2243 3290 ad
2264 3239 2471 3295 Claudi-

1409 3337 1496 3371 au.
1533 3321 1587 3370 in
1627 3322 1851 3383 Eutrop.
1887 3333 1950 3368 11.
1983 3322 2100 3367 241.
2124 3318 2265 3369 etad
2292 3317 2471 3373 Ovidii

1405 3401 1556 3454 Fast-
1592 3411 1669 3453 tv.
1706 3401 1821 3449 3⁷4.
1885 3395 1990 3447 Sed
2025 3395 2234 3449 ‘levare
2268 3392 2473 3450 foenus,’

1410 3482 1471 3524 ut
1494 3476 1592 3527 boc
1615 3474 1706 3528 lib.
1726 3488 1773 3523 c.
1797 3477 1880 3521 27.
1914 3472 1932 3500 ‘
1955 3471 2252 3527 consistere
2275 3473 2329 3518 in
2350 3483 2473 3518 eon·

1409 3554 1584 3613 cinae,
1616 3550 1703 3599 ubi
1738 3548 2014 3612 aliquando
2048 3546 2470 3599 audiant.vocem

1413 3627 1740 3683 tribuniciam
1766 3625 1833 3671 de
1856 3621 2075 3671 levando
2098 3618 2342 3675 foenorez'
2381 3620 2471 3670 ubi

1414 3702 1549 3751 vide.
1617 3700 1808 3753 Paullo
1837 3706 1963 3753 ,ante
2004 3697 2172 3751 verbis
2209 3695 2474 3758 precedd.

1411 3778 1644 3828 celebrata
1666 3778 1723 3826 de
1744 3776 1933 3835 integro
1955 3772 2254 3835 Jurisdictio‚
2278 3785 2374 3834 pro
2395 3787 2473 3820 ce-

1412 3854 1586 3905 lebrari
1604 3856 1664 3902 de
1684 3852 1911 3912 int-jur„
1934 3848 2120 3912 fragm.
2157 3848 2291 3901 Htw.
2310 3848 2471 3908 juris-

1411 3933 1539 3982 dicio
1558 3937 1730 3983 autem
1761 3930 1888 3978 Lov.
1909 3933 1958 3977 5.
1979 3927 2118 3976 Hav.
2140 3933 2198 3976 et
2221 3926 2472 3977 vetustio-

1413 4025 1499 4061 res
1518 4010 1658 4072 typis
1678 4007 1873 4057 excusi.
2272 4048 2280 4057 ,
2354 4048 2361 4055 ,

1487 4088 1555 4136 Ut
1574 4085 1756 4134 tributo
1769 4082 2100 4142 novumfoeuus
2114 4080 2472 4133 contraheretur

1411 4165 1465 4212 in
1502 4176 1704 4222 murum,
1745 4176 1775 4208 a
1810 4158 2080 4208 censoribus
2114 4159 2316 4208 locatum
2352 4171 2470 4209 saxo

1412 4241 1645 4303 quadrato
1666 4236 1974 4300 faciundum]
2017 4234 2085 4284 Ut
2106 4234 2293 4287 tribuno
2324 4231 2471 4286 Leid.

1415 4322 1461 4371 1.
1530 4315 1738 4371 Deinde
1763 4326 1861 4363 vox
1873 4310 2034 4372 foenus
2063 4309 2209 4367 deest
2234 4309 2289 4359 in
2319 4304 2469 4365 Leid-
