2934 4925
725 410 796 457 ·r.
844 397 1032 458 mvn
1079 401 1281 464 'nis-r.
1332 409 1480 459 mu.
1528 411 1802 462 που».
1845 401 1953 465 54.

250 549 392 602 Infra
413 563 539 602 rm.
564 554 644 604 12.
666 551 683 579 ‘
703 554 854 604 Auno
876 555 1061 618 insigni
1087 555 1306 605 victoria

252 630 316 679 de
362 639 440 679 tot
479 646 541 680 ac
577 639 682 680 tam
720 632 1016 694 potentibus
1043 635 1246 697 populis
1268 635 1304 684 ε’

250 707 335 756 'nbi
379 708 517 757 vide.
559 709 793 760 Moxme‘
822 709 1040 760 universa
1080 711 1302 767 Etruria,

248 783 299 832 id
340 792 444 845 est,
477 800 603 834 nunc
633 786 873 848 universa,
914 781 1041 838 Lov.
1082 793 1132 838 5.
1195 787 1303 838 Sed

248 862 437 925 passim
462 863 529 911 n?
550 870 605 912 et
621 866 680 912 ηδ
703 873 1106 915 commntantur.
1170 866 1303 916 Vide

247 937 313 987 ad
340 951 421 988 ix.
445 942 495 989 7.
517 941 546 1003 ᾧ
568 946 621 990 5.

253 1025 260 1030 ·
314 1016 522 1064 Tantum
543 1022 673 1066 terra
704 1018 914 1083 mar-ique
946 1019 1140 1082 pollens,
1163 1026 1306 1084 atque

243 1090 374 1139 ister
415 1093 509 1139 dno
546 1094 701 1142 mor-ia
752 1094 1051 1145 brit-dinem
1089 1096 1306 1145 obtinens
1365 1089 1376 1101 '

249 1167 433 1232 italie]
468 1169 647 1218 Prima
682 1185 781 1220 vox
816 1170 970 1221 deest
1006 1172 1058 1222 iu
1092 1172 1305 1224 Leid.2.

250 1257 401 1306 qnam
445 1244 534 1294 alii
575 1259 752 1295 omues
799 1256 1027 1298 serrant.
1100 1249 1305 1299 Deinde

252 1318 551 1367 latitudinem
588 1324 834 1372 confluens
883 1324 1061 1384 Italia.
1100 1326 1224 1375 ιον.
1259 1330 1309 1375 5.

252 1395 552 1445 latitudinem
582 1396 797 1447 obtinens
829 1399 977 1450 Italia
1010 1401 1141 1450 Lov.
1172 1406 1221 1452 4.
1254 1407 1309 1452 et

252 1469 436 1532 fragm.
470 1472 609 1523 Hav.
663 1474 789 1523 Mox
815 1476 989 1525 verbis
1011 1490 1155 1540 seqq.
1176 1477 1310 1527 nobis

252 1565 340 1613 por
367 1556 460 1613 est,
489 1564 585 1614 pro
614 1551 745 1602 uobis
781 1567 873 1616 par
905 1555 996 1614 etl,
1021 1554 1145 1604 Lov.
1168 1559 1217 1604 2.
1253 1562 1311 1605 et

256 1627 471 1678 Gaertn.
507 1627 641 1677 Vide
656 1630 753 1678 hoc
775 1644 891 1694 cap.
913 1632 1006 1695 §2
1042 1631 1314 1692 Ceterum,

256 1719 410 1768 quum
441 1705 569 1753 nulli
602 1703 797 1755 fuerint
831 1707 1041 1757 Etrusci
1077 1708 1215 1756 iuter
1234 1707 1308 1757 A·

257 1782 531 1843 penninum
559 1780 841 1846 Alpesque,
864 1799 1019 1847 quum
1043 1797 1074 1833 a
1096 1784 1309 1834 Senoni-

258 1858 349 1907 bus
368 1858 759 1923 obpugnaretnr
780 1860 1029 1922 Clusium,
1047 1862 1311 1924 Romaque

255 1944 552 1999 caperetur,
586 1935 745 2000 idque
778 1934 935 1986 fateri
963 1936 1202 1986 videatur
1226 1936 1311 1986 Li·

255 2013 365 2060 vius
389 2014 485 2061 hoc
506 2013 596 2062 lib.
620 2027 668 2063 c.
693 2017 773 2063 33.
792 2023 846 2062 et
867 2028 916 2063 c.
938 2017 1019 2064 85.
1042 2028 1143 2064 uon
1166 2019 1312 2063 recto

254 2087 455 2138 Livium
477 2102 614 2138 nunc
651 2088 876 2145 tradere,
906 2090 1153 2140 Etruscos
1177 2090 1315 2138 inter

254 2164 356 2213 dno
390 2164 555 2213 maria
589 2163 916 2214 latitudinem
939 2165 1180 2215 obtinere
1202 2165 1313 2216 Ita·

252 2229 354 2294 lia»,
376 2238 558 2289 docuit
580 2239 788 2290 Cluver.
822 2238 938 2290 Ital.
963 2239 1142 2305 Antiq.
1171 2255 1210 2291 1.
1231 2245 1315 2291 28.

298 2347 313 2363 .
339 2318 458 2364 228.

252 2328 290 2392 P
315 2393 347 2457 ς
371 2396 405 2441 6
441 2392 581 2449 Quod
601 2394 834 2458 quantita
852 2393 939 2457 sit,
959 2409 1066 2458 ‹1⁸1oe
1086 2392 1314 2460 (molum)

250 2470 379 2521 ratio
420 2477 513 2534 est,
544 2477 754 2537 expertis
793 2476 890 2524 ulia
928 2474 1165 2539 experiri]
1210 2475 1316 2524 Hic

253 2548 468 2597 subesse
513 2550 680 2611 ulcus,
715 2561 908 2616 preter
946 2552 1113 2615 ipsum
1153 2564 1315 2615 genus

250 2626 515 2689 loquendi,
539 2628 822 2679 ostendunt
843 2629 973 2678 Mss.
992 2628 1147 2678 codd.
1184 2628 1316 2678 Nam

252 2706 308 2752 et
345 2703 502 2753 Voss.
534 2712 591 2754 et
627 2704 801 2755 Helm.
841 2713 897 2755 et
929 2706 1076 2755 Rott.
1108 2706 1319 2767 expertis

255 2780 378 2829 tutos
395 2780 495 2829 ulia
514 2782 742 2845 experiri.
766 2782 950 2845 Margo
967 2786 1141 2851 autem
1162 2779 1318 2829 Voss-

251 2856 357 2906 isni
402 2872 499 2920 pro
540 2859 665 2906 latos
719 2857 850 2907 satis
904 2857 1117 2921 antiqua
1164 2868 1317 2903 maun

254 2933 471 2983 exbibet
494 2935 637 2984 lut-es.
689 2933 961 2994 Fortassis,
981 2948 1102 2996 quae,
1124 2933 1320 2993 malum,

185 3039 192 3045 -
253 3011 380 3058 ratio
412 3016 508 3072 est,
542 3011 752 3074 expertis
784 3013 907 3060 lares
940 3011 1060 3060 alios
1090 3009 1319 3073 experiri.

256 3086 482 3136 Tentare
509 3088 660 3136 sedes
691 3088 835 3149 alias,
870 3101 1023 3152 quam
1051 3100 1178 3150 quas
1211 3093 1317 3134 tam

255 3160 340 3211 din
386 3161 622 3211 feliciter
667 3163 876 3226 experti
921 3177 1116 3212 snmus.
1182 3162 1320 3211 Alios

257 3240 483 3302 expertis,
515 3246 577 3288 ut
601 3238 819 3289 Horatio
842 3241 1014 3303 Epist.
1036 3253 1100 3288 ιι.
1126 3243 1174 3288 l.
1204 3243 1319 3290 240.

258 3314 275 3349 ⁴
297 3323 390 3364 aut
434 3315 571 3364 alins
628 3316 859 3380 Lysippo
910 3316 1126 3366 duceret
1181 3314 1322 3366 aera.’

260 3391 515 3442 Phaedrus
530 3392 579 3440 in
598 3391 742 3442 Prol.
758 3393 791 3442 l.
805 3406 890 3441 ιιι.
910 3397 1076 3442 vs.4l.
1091 3393 1262 3445 ‘Quod
1278 3390 1323 3443 si

260 3474 536 3517 accusator
574 3469 703 3518 alius
734 3469 936 3532 Sejano
956 3468 1132 3519 foret!
1179 3470 1234 3519 J.
1258 3470 1322 3521 F.

264 3545 414 3594 cm.
483 3544 634 3593 Idem
660 3546 950 3595 Gronovius
975 3548 1027 3595 in
1052 3548 1215 3610 priori
1239 3547 1325 3606 ed.

260 3628 498 3670 notarum
525 3619 590 3669 ad
622 3621 756 3670 Livii
788 3635 889 3671 vu.
925 3626 1007 3672 37.
1045 3623 1324 3687 legendnm

264 3696 599 3745 existimabat
635 3697 774 3752 Quod
809 3712 951 3760 quum
982 3699 1055 3748 ita
1086 3700 1167 3755 sit,
1201 3690 1327 3762 quat,

263 3774 452 3829 ndum,
473 3774 602 3821 ratio
638 3778 730 3828 est,
759 3780 998 3837 expertos,
1022 3775 1120 3825 alia
1140 3775 1326 3839 experi-

262 3848 337 3897 ri.-
358 3862 647 3912 eornmque
664 3849 940 3899 verborum
959 3852 1095 3901 huuc
1120 3866 1326 3901 sensnm

265 3938 374 3972 esse
396 3925 700 3974 statuebat:
725 3926 860 3991 qnod
885 3941 1036 3990 quam
1057 3942 1233 3978 verum
1258 3929 1330 3979 sit

266 4007 531 4065 expertos,
565 3997 754 4065 neuipe
788 4003 1065 4054 Romanos.
1130 4004 1236 4055 Sed
1264 4020 1330 4054 ea

267 4082 409 4127 recte
431 4078 484 4126 in
509 4077 593 4127 ed.
616 4079 806 4128 iterata
828 4079 1052 4131 induxit.
1094 4082 1331 4146 Experti-⁹

267 4153 385 4203 letos
421 4154 521 4203 aliu
557 4154 771 4218 experiri
806 4155 964 4204 etiam
995 4167 1236 4220 superest
1274 4159 1328 4207 iu

272 4229 547 4280 Klockian.
614 4231 790 4296 Atque
826 4233 900 4281 ita
931 4234 1137 4297 quidem
1163 4235 1329 4298 scrip-

272 4314 378 4359 tum
402 4320 518 4357 esse
542 4307 599 4357 in
619 4308 768 4357 Voss.
793 4313 839 4358 1.
874 4313 1065 4362 docent
1094 4320 1176 4363 mo
1216 4312 1332 4376 ejus

397 4386 577 4452 neusin.
593 4393 641 4440 et
675 4388 791 4443 ναν.
818 4391 949 4443 Clas.

1277 4391 1464 4445 Livius.

2258 397 2435 470 *7833

1378 551 1646 620 excerpta,
1669 571 1846 608 verum
1883 559 1978 624 lta,
2007 565 2067 611 ut
2102 562 2252 613 simul
2274 568 2343 627 τῷ
2365 568 2439 617 ln.

1376 639 1451 684 tos
1472 634 1693 699 adjectae
1719 637 1823 687 sint
1854 643 2008 699 notas,
2031 654 2145 705 quae
2171 655 2352 693 vocem
2376 645 2439 693 il·

1377 712 1480 760 lam
1501 712 1787 774 abundare,
1807 728 1867 764 ac
1883 714 2156 767 delendam
2172 733 2283 769 esse
2305 720 2438 772 indi-

1375 794 1500 837 cant
1515 805 1533 850 ;
1573 788 1815 839 lectionis
1868 805 1995 842 vero
2035 794 2101 843 ad
2151 799 2438 860 marginem

1379 863 1660 927 adscripta
1681 866 1823 915 nulla
1839 865 1931 916 flat
1948 870 2161 920 mentio.
2195 872 2271 921 Ut
2286 872 2442 937 forte,

1377 938 1477 987 nisi
1499 953 1616 988 mea
1638 954 1720 990 me
1743 953 1995 1006 excerpta
2017 943 2216 1009 fallant,
2237 947 2439 999 Grono-

1380 1016 1492 1065 vius
1525 1031 1627 1065 nou
1673 1019 1798 1068 satis
1842 1019 2086 1072 adtentus
2130 1023 2440 1076 Vossianum

1380 1105 1478 1157 pru
1523 1093 1624 1142 alio
1667 1094 1867 1152 codice,
1907 1097 1961 1146 iu
2005 1098 2153 1161 cnjus
2206 1103 2439 1165 margine

1379 1170 1503 1217 lares
1525 1182 1620 1232 pro
1641 1169 1763 1219 latos
1796 1171 2157 1237 exhibebatur,
2190 1191 2440 1227 memora-

1381 1242 1473 1294 rit.
1542 1243 1712 1294 Recte
1749 1260 1874 1295 vero
1902 1248 2003 1299 clia
2036 1252 2247 1313 expertis
2278 1268 2440 1314 expo-

1383 1320 1482 1369 uit.
1526 1319 1612 1370 Ita
1634 1320 1770 1372 enirn
1794 1329 1850 1374 et
1873 1324 1985 1374 Cic.
2009 1326 2236 1389 loquitur
2253 1329 2319 1378 ad
2342 1331 2443 1382 Fa·

1382 1397 1491 1447 mil.
1517 1409 1599 1446 xx·
1621 1401 1672 1448 2.
1703 1398 1849 1448 ‘Nos
1885 1401 1951 1451 ab
1986 1402 2137 1453 initio
2176 1414 2445 1468 spectasse

1383 1474 1569 1537 otium,
1606 1487 1704 1525 uec
1727 1476 2009 1541 quidquam
2034 1480 2171 1529 alind
2196 1481 2442 1532 libertate

1383 1549 1644 1600 communi
1666 1553 1936 1617 qnasisse,
1949 1555 2120 1604 exitus
2142 1555 2375 1608 declarat
2395 1574 2410 1608 ι
2428 1557 2443 1580 ’

1382 1625 1474 1675 ubi
1496 1626 1744 1676 videndus
1762 1635 1843 1678 est
1860 1630 2069 1680 Manui.
2099 1631 2355 1696 Apuleius
2390 1636 2447 1686 in

1387 1703 1604 1766 Apolog.
1629 1717 1681 1767 p.
1706 1707 1820 1756 ⁸17.
1843 1705 1929 1757 ed.
1969 1708 2101 1758 Elm.
2141 1714 2157 1737 ‘
2183 1709 2322 1761 Quid
2349 1710 2447 1773 igi-

1385 1789 1474 1830 tur
1508 1781 1629 1831 est?
1663 1783 1827 1832 cuivis
1864 1785 2003 1835 clare
2039 1786 2251 1843 dilucet,
2292 1789 2447 1838 aliam

1386 1870 1493 1906 rem
1537 1856 1729 1909 invidis
1763 1860 1951 1910 nullam
1986 1862 2164 1912 esset’
2194 1864 2260 1912 ad
2290 1879 2446 1930 quem

1384 1933 1553 1983 locum
1574 1936 1920 1985 consulendus
1943 1945 2026 1987 est
2045 1938 2287 1989 Stewich.
2310 1946 2369 1988 nt
2389 1947 2447 1989 et

1386 2010 1595 2060 Colvius
1613 2010 1678 2060 ad
1696 2012 1914 2063 Metam.
1930 2015 1967 2063 l.
1985 2028 2070 2065 m.
2094 2029 2145 2078 p.
2163 2020 2246 2065 63.
2271 2016 2448 2065 Etiam

1385 2086 1632 2138 Munker.
1656 2088 1722 2136 ad
1760 2090 1999 2139 Laetam.
2031 2091 2247 2140 Narrat.
2268 2091 2451 2144 Fabul.

1386 2176 1506 2215 xlv.
1528 2165 1889 2215 lecvwhuer.
1910 2166 1965 2216 in
1991 2165 2250 2217 Hellenol.
2281 2166 2370 2217 lib.
2407 2181 2448 2218 1.

1387 2247 1526 2306 part.
1553 2254 1619 2293 11.
1643 2254 1692 2288 c.
1713 2245 1794 2291 18.
1818 2255 1870 2304 p.
1890 2246 2005 2291 181.
2066 2242 2149 2293 Ex
2173 2242 2451 2305 adscriptis

1388 2326 1564 2369 autem
1581 2320 1832 2383 exemplis
1852 2327 2000 2383 patet
2021 2319 2083 2370 τὸ
2104 2322 2317 2384 expertis
2346 2335 2451 2371 non

1389 2394 1564 2451 dandi,
1618 2394 1712 2444 sed
1766 2394 2036 2446 auferendi
2088 2410 2263 2445 casum
2320 2410 2452 2450 esse.

1393 2471 1668 2536 Donjatius
1693 2479 1867 2523 tamen
1890 2472 2161 2522 adfirmare
2193 2473 2455 2528 sustinuit,

1388 2548 1513 2598 olias
1546 2548 1623 2597 ills·
1655 2548 1864 2612 phrasin
1904 2549 2144 2599 Groecam
2181 2564 2313 2607 esse,
2355 2565 2451 2613 pro

1390 2633 1408 2663 ⁴
1430 2626 1561 2675 alins
1582 2614 1649 2674 ab
1670 2623 1795 2675 illo!
1863 2625 2062 2674 Verum
2080 2625 2256 2675 Graeci
2273 2625 2452 2676 dicere

1391 2702 1564 2752 solent
1595 2700 1746 2751 ἄλλος
1772 2700 1952 2750 ἐκείνου
1974 2715 2069 2764 per
2089 2701 2291 2765 ellipsin
2316 2716 2456 2764 prae.

1393 2777 1665 2844 positionis
1702 2777 1830 2829 &262
1887 2793 2016 2842 quos
2049 2778 2237 2827 imitati
2280 2779 2455 2828 Latini

1392 2857 1642 2907 dixerunt
1661 2857 1787 2905 atius
1808 2855 1891 2905 tuo
1913 2869 2009 2919 per
2030 2854 2236 2917 ellipsin
2253 2868 2455 2918 praepo-

1393 2932 1595 2983 sitionis
1616 2932 1695 2982 ub.
1730 2931 1865 2981 Vide
1889 2938 2087 2994 praeter
2111 2933 2312 2981 Manat.
2335 2931 2455 2980 loco

1393 3008 1620 3073 laudato,
1663 3009 1862 3060 clariss.
1896 3009 2080 3059 Lamb.
2127 3009 2231 3058 Bos
2269 3008 2335 3057 de
2366 3009 2457 3057 Ei-

1392 3086 1516 3150 lips.
1538 3086 1694 3147 Ling.
1716 3085 1921 3136 Groecoe
1942 3100 1997 3149 p.
2012 3088 2127 3134 300.
2151 3083 2301 3135 ἄλλος
2334 3082 2455 3134 ixei«

1395 3181 1476 3226 m,
1499 3166 1580 3211 vel
1601 3162 1727 3211 alius
1753 3162 1828 3212 iun·
1861 3159 2000 3225 apud
2024 3161 2242 3210 Grecos
2271 3175 2335 3211 ac
2358 3161 2462 3210 La-

1396 3242 1534 3291 tinos
1570 3238 1798 3288 noudum
1834 3239 2025 3289 inveni.
2073 3238 2138 3287 In
2171 3238 2248 3287 his
2279 3243 2458 3289 autem

1394 3316 1606 3380 expertis
1640 3315 1998 3379 accipiendum
2033 3322 2114 3365 est
2147 3314 2365 3378 passive,
2400 3321 2461 3368 ut

1399 3404 1437 3444 ι.
1472 3397 1555 3443 84.
1589 3391 1715 3456 ‘Ut,
1738 3405 1833 3455 per
1853 3391 2025 3441 omnia
2047 3397 2312 3454 expertus,
2343 3404 2461 3453 pos-

1398 3476 1568 3519 tremo
1595 3475 1734 3518 tutor
1753 3468 1908 3518 etiam
1939 3467 2117 3517 liberis
2145 3469 2280 3530 regis
2303 3475 2459 3517 testa·

1398 3554 1574 3597 mento
1597 3543 2005 3595 institueretur.’
2056 3556 2143 3594 m.
2163 3548 2217 3593 2.
2236 3550 2251 3572 ⁴
2269 3544 2461 3593 Tutum

1399 3628 1672 3687 receptum
1714 3621 1779 3671 ad
1823 3626 2091 3684 expertam
2132 3619 2461 3673 clementiam

1397 3700 1547 3752 fore!
1599 3716 1647 3751 c.
1673 3705 1756 3751 44.
1790 3703 1805 3728 ‘
1832 3699 2201 3762 Desponderat
2217 3695 2376 3747 filiam
2404 3697 2466 3748 1..

1400 3778 1552 3831 Icilio
1567 3775 1864 3838 tribunicio,
1876 3776 1983 3825 viru
2000 3776 2124 3837 acri,
2138 3782 2189 3824 et
2206 3790 2299 3838 pro
2314 3789 2465 3824 cans·
2533 3818 2538 3825 .

1400 3866 1457 3905 sa
1494 3853 1665 3916 plebis
1700 3852 1934 3914 experto?
1973 3848 2213 3899 virtutis.'
2283 3861 2467 3903 xxxv.

1399 3934 1485 3979 45.
1515 3929 1703 3979 ‘Nihil
1745 3929 1882 3978 enim
1927 3927 2061 3991 aequi
2106 3926 2172 3976 ab
2221 3927 2467 3977 Romanis

1400 4005 1651 4070 inpetrari
1671 4004 1843 4069 posse,
1861 4005 1983 4053 satis
2000 4010 2406 4077 expertum‘esse
2426 4003 2469 4055 ι’

1402 4084 1494 4134 ubi
1537 4084 1692 4133 etiam
1728 4082 1963 4147 quedam
2000 4081 2138 4133 vide.
2205 4083 2286 4132 Ex
2333 4082 2468 4142 aliis,

1404 4161 1640 4211 similiter
1677 4158 1886 4222 locutis,
1920 4160 2264 4224 scriptoribus
2292 4173 2469 4209 exem-

1404 4237 1511 4300 pla,
1536 4250 1649 4300 quae
1683 4235 1738 4285 in
1774 4242 1983 4298 promtu
2020 4241 2162 4297 sunt,
2202 4234 2306 4283 nnn
2341 4249 2466 4285 con.

1405 4320 1571 4377 gero:
1607 4312 1846 4378 quaedsm
1882 4312 2155 4364 videantur
2176 4312 2316 4378 apud
2352 4311 2473 4367 Rit·

2174 4389 2335 4443 ’ΞΜ
