2934 4925
462 417 636 484 7878

468 590 569 639 am,
602 589 668 624 ne
691 574 758 626 de
794 572 1055 639 lapidibus
1084 575 1311 625 literatis
1334 574 1525 635 dicam,

463 653 642 717 Sigon.
663 653 731 702 de
756 651 936 717 Antiq.
957 653 992 704 J
998 667 1072 701 ur.
1095 654 1210 702 Civ.
1234 654 1385 702 Rom.
1409 654 1524 701 loco

466 730 606 780 laud.
650 730 839 795 aliique
883 729 1175 789 docuerint,
1216 744 1328 777 eam
1367 730 1523 777 etiam

466 805 739 857 memorari
773 805 907 869 apud
932 805 1043 854 Cic.
1080 805 1131 853 in
1156 804 1310 853 Orat.
1336 802 1522 867 Agr-ar.

468 894 531 931 ιι.
553 885 636 932 29.
663 888 678 910 ‘
696 881 746 932 A
772 881 1042 931 Suburana
1080 894 1241 944 usque
1280 880 1344 929 ad
1370 879 1523 929 Arni·

466 972 644 1008 ensem
674 959 880 1008 nomina
906 966 1079 1006 vestra
1114 964 1370 1020 proponat
1389 956 1422 1004 :'
1456 957 1522 1005 ad

464 1048 616 1100 quem
650 1036 817 1084 locum
842 1019 1146 1085 consulendi
1184 1040 1302 1083 sunt
1333 1033 1524 1083 eruditi

464 1119 908 1164 commentatores.
941 1112 1149 1161 Deinde
1164 1110 1401 1160 dubitare
1418 1125 1522 1161 non

466 1187 741 1246 debuerat,
759 1194 929 1237 utrum
954 1189 1061 1236 liaec
1091 1188 1256 1237 tribus
1280 1204 1344 1238 ex
1368 1190 1523 1239 Etru-

464 1263 560 1326 ria,
585 1277 649 1311 an
685 1263 783 1312 alia
808 1263 948 1312 circa
971 1264 1169 1312 Urbem
1197 1264 1404 1326 regione
1429 1264 1521 1312 de·

465 1340 629 1387 ducta
669 1336 845 1387 fuerit.
911 1338 1086 1386 Livius
1132 1339 1267 1387 enim
1305 1338 1391 1388 hic
1430 1354 1521 1388 ex-

466 1414 661 1479 pressis
708 1414 876 1464 verbis
922 1415 1098 1471 docet,
1143 1424 1363 1479 quatuor
1405 1416 1522 1465 illas

470 1489 637 1540 tribus
684 1492 700 1519 ‘
721 1505 785 1538 ex
838 1491 984 1540 novis
1028 1492 1227 1540 civibus
1280 1491 1485 1541 additas
1508 1493 1524 1517 ’

461 1580 607 1616 esse:
640 1580 756 1629 cap.
786 1579 959 1617 autem
984 1569 1308 1630 praecedenti
1330 1574 1524 1632 monet,

469 1656 565 1705 per
603 1656 763 1692 novos
806 1645 946 1692 cives
986 1643 1353 1707 intelligendos
1387 1659 1522 1706 esse,

458 1723 474 1748 ⁴
494 1720 583 1783 qui
609 1720 924 1775 Veientium,
970 1720 1419 1785 Capenatiumque
1459 1737 1522 1772 ac

462 1795 781 1845 Faliscorum
796 1810 887 1860 per
903 1810 964 1845 ea
977 1796 1114 1845 bella
1129 1795 1522 1860 transfugerant

461 1872 524 1921 ad
551 1872 834 1929 Romanos,
849 1879 903 1922 et
919 1872 970 1922 in
995 1873 1261 1937 civitatem
1285 1872 1526 1937 accepti’

462 1955 648 1997 erant:
698 1949 947 1998 Veientes
984 1958 1159 1999 autem
1201 1949 1520 2013 Capenates·

462 2040 560 2090 que
578 2032 637 2075 et
659 2026 889 2075 Faliscos
911 2024 1067 2075 fuisse
1092 2027 1337 2075 Etruscos
1361 2026 1522 2076 notis·

467 2102 651 2150 simum
688 2108 787 2152 est.
852 2102 1096 2166 Denique
1137 2102 1409 2151 sententiae
1442 2101 1522 2151 Si-

462 2179 621 2240 gonii,
638 2192 825 2227 nomen
849 2179 915 2227 ab
948 2185 963 2207 ⁸
987 2177 1164 2228 Arno’
1198 2177 1409 2228 flumine
1435 2180 1521 2228 de-

461 2251 728 2307 ducentis,
752 2267 853 2303 non
879 2253 1076 2317 obstat,
1101 2254 1237 2318 qnod
1276 2257 1418 2304 nulla
1455 2254 1521 2305 ad

462 2343 528 2378 ea
564 2338 801 2393 tempora
828 2331 1071 2380 Romanis
1108 2331 1173 2380 ad
1212 2333 1406 2381 Arnum
1441 2347 1519 2380 us·

371 2444 376 2451 .
468 2420 567 2472 que
590 2408 797 2471 prolata
816 2406 1014 2458 fuerint
1036 2410 1406 2473 arma‚nullum
1429 2409 1522 2457 im-

462 2485 681 2549 perium.
713 2486 892 2535 Livius
907 2487 1045 2536 enim
1064 2501 1223 2536 novas
1244 2486 1407 2537 tribus
1430 2487 1521 2536 ad·

457 2562 597 2612 ditas
621 2576 734 2612 esse
756 2561 885 2613 dicit
905 2576 1008 2614 non
1034 2578 1098 2612 ex
1134 2564 1237 2613 illis
1260 2563 1346 2628 qui
1381 2564 1521 2613 bello

458 2641 587 2691 victi
609 2656 671 2691 ac
692 2642 894 2692 subacti
919 2649 1092 2706 erant,
1128 2642 1220 2691 sed
1245 2657 1311 2710 εις
1331 2643 1520 2691 Veien-

457 2717 618 2781 tibus,
665 2719 1037 2783 Capenatibus,
1071 2734 1134 2769 ac
1174 2719 1409 2776 Faliscis,
1431 2719 1519 2783 qui

453 2793 878 2858 ‘transfugerant
903 2795 967 2843 ad
1007 2795 1301 2845 Romanos.’
1366 2796 1520 2846 Licet

451 2868 631 2921 autem
651 2872 919 2938 Veientes,
939 2872 1253 2934 Capenates,
1277 2887 1336 2920 ac
1355 2870 1519 2921 Falis-

455 2950 502 3000 ci
528 2951 681 3013 longo
703 2950 830 3000 satis
853 2956 1111 3000 terrarum
1131 2955 1302 2999 tractu
1326 2950 1393 2998 ab
1420 2948 1516 2997 Ar·

457 3042 525 3077 no
549 3028 736 3076 remoti
759 3027 975 3084 fuerint,
1012 3033 1301 3091 potuerunt
1341 3033 1515 3075 tamen

455 3119 605 3152 unam
633 3103 881 3166 tribuum,
905 3105 956 3152 in
982 3119 1106 3168 quas
1130 3103 1278 3154 relati
1301 3110 1451 3153 erant
1483 3117 1516 3151 a

456 3180 717 3235 Romanis,
741 3195 806 3227 ex
831 3180 1035 3229 nomine
1058 3179 1440 3242 Arni,celebris
1463 3180 1514 3227 in

455 3252 627 3322 patria
664 3257 875 3322 antiqua
912 3259 1122 3308 Etruria
1154 3256 1393 3320 fluminis,
1424 3258 1514 3306 ad-

454 3336 697 3399 pellasse.
762 3335 1061 3384 Potuerunt
1100 3336 1257 3384 etiam
1293 3335 1397 3384 illis
1423 3336 1514 3383 ad·

450 3411 602 3461 mixti
625 3410 786 3461 fuisse
810 3413 1011 3461 Clusini
1046 3410 1193 3461 Arno
1220 3412 1512 3476 propiores,

453 3504 669 3553 quorum
686 3489 959 3539 occasione
981 3489 1174 3539 bellum
1200 3504 1318 3538 cum
1343 3489 1510 3538 Gallis

448 3575 564 3617 erat
584 3576 906 3631 susceptum,
929 3574 986 3616 et
1008 3582 1135 3631 quos
1157 3581 1337 3631 agrum
1355 3567 1510 3616 latius

451 3645 765 3709 possedisse,
802 3658 953 3708 qnam
988 3644 1230 3699 coluisse,
1265 3643 1509 3693 dixerant

447 3721 587 3770 Galli
609 3736 663 3771 v.
688 3725 772 3771 36.
805 3722 942 3771 Haec
969 3721 1147 3785 itaque
1168 3720 1366 3784 sigonii
1391 3727 1507 3783 ety-

446 3798 665 3862 mologia
706 3798 1001 3847 verisimilis
1026 3795 1305 3859 videbitur,
1339 3796 1509 3844 donec

448 3873 775 3923 verisimilior
798 3875 899 3924 alia
935 3874 1143 3923 aliunde
1180 3871 1506 3922 ostendatur.

446 3951 690 3999 Ceterum
734 3951 961 4000 tribuum
998 3951 1336 4010 Tromentinae,
1377 3950 1510 4010 sive,

446 4033 504 4074 ut
540 4027 767 4088 vocavit,
815 4028 1115 4091 Trometinoe,
1149 4035 1206 4077 et
1247 4027 1510 4077 Arniensis

448 4103 653 4152 nomina
678 4103 908 4153 adseruit
932 4105 1137 4154 Annius
1161 4105 1506 4154 Viterbiensis

444 4178 498 4226 in
541 4181 910 4228 commentario
968 4182 1032 4229 ad
1070 4181 1389 4246 supposititii
1441 4182 1509 4233 Q.

446 4254 592 4305 Fabii
618 4256 817 4305 Pictor.
842 4256 907 4306 de
925 4256 1101 4308 Aureo
1123 4260 1312 4311 Seculo
1334 4260 1423 4312 lib.
1443 4274 1507 4310 ιι.

405 4392 408 4397 ‚
439 4332 761 4396 noulongea
782 4331 902 4383 fine.

1143 432 1382 482 ‚NOTAE
1431 430 1963 482 vARmRUM..1N

1608 617 1611 620 ,
1667 575 1849 637 Eaeque
1870 573 2083 635 triginta
2101 571 2308 636 quinque
2340 570 2554 621 tribuum
2574 582 2662 621 aaa

1599 667 1786 701 merum
1804 651 2077 715 explevere]
2114 650 2218 699 Hic
2258 664 2505 699 numerus
2539 649 2663 700 milii

1600 736 1874 790 suspectus
1899 727 1966 776 de
2002 740 2178 777 xxxv.
2215 727 2474 785 tribubus,
2501 725 2660 774 dena-

1600 806 1709 855 rioz
1743 806 1934 870 quippe
1969 812 2206 867 tempore
2246 802 2511 852 Coriolani
2538 814 2662 851 xxr.

1599 887 1746 934 erant
1785 881 1969 944 tribus,
2008 887 2224 930 auctore
2258 879 2514 941 Dionysio
2556 877 2663 927 Ha·

1598 957 1685 1006 lic.
1707 957 1800 1006 lib.
1837 969 1937 1005 vn.
1978 971 2031 1019 p.
2051 959 2167 1005 469.
2199 955 2296 1003 lioc
2331 961 2508 1003 autern
2544 954 2661 1001 loco

1600 1041 1824 1097 quatuor
1866 1031 2061 1081 additae
2107 1029 2341 1080 efficiunt
2389 1042 2660 1078 numerum

1599 1122 1734 1160 xxv,
1803 1109 1990 1172 Neque
2035 1108 2167 1157 ullas
2204 1108 2460 1157 hactenns
2494 1106 2658 1156 tribus

1596 1186 1796 1235 additas
1813 1175 2040 1234 memini.
2077 1186 2204 1233 Cum
2226 1192 2400 1234 autem
2423 1190 2658 1246 tempore

1599 1263 1733 1312 Livii
1754 1263 1976 1312 tribuum
2001 1275 2242 1311 numerus
2259 1266 2580 1310 eratxxxV.
2605 1265 2661 1307 ut

1597 1353 1661 1386 ex
1702 1339 1834 1387 libro
1863 1337 2028 1401 primo
2067 1352 2112 1386 c.
2136 1340 2219 1386 43.
2266 1342 2419 1399 patet
2454 1336 2511 1383 in
2547 1334 2656 1384 Ser.

1594 1415 1778 1471 Tullio,
1801 1419 2024 1478 quatuor
2065 1419 2238 1462 autem
2280 1411 2476 1460 ultimis
2508 1411 2656 1474 hujus

1598 1491 1819 1542 decados
1842 1491 1993 1540 libris
2018 1491 2154 1541 binae
2177 1489 2374 1540 additas
2399 1489 2661 1539 invenian-

1599 1576 1701 1628 tur,
1741 1576 1932 1633 praeter
1954 1575 2201 1633 §quatuor
2238 1567 2487 1629 urbanas,
2519 1581 2550 1614 a
2587 1566 2654 1618 Q.

1600 1645 1762 1694 Fabio
1786 1645 2019 1695 Maximo
2041 1643 2226 1708 (quiid
2249 1642 2581 1704 cognominis„
2597 1656 2657 1689 ea

1597 1720 1663 1770 de
1684 1736 1869 1770 caussa
1888 1721 2083 1770 babere
2105 1717 2318 1783 meruit)
2351 1731 2432 1768 ιι.
2449 1723 2533 1782 46.
2568 1718 2654 1766 ad-

1586 1799 1784 1863 jectas,
1796 1798 2055 1863 quomodo
2070 1798 2155 1848 hic
2166 1799 2395 1858 legemus
2409 1795 2660 1852 XXXV?

1595 1875 1837 1924 Error-em
1852 1889 1890 1924 ,ε
1898 1876 2030 1924 rrori
2043 1873 2407 1934 accumulavit,
2426 1882 2484 1921 ut
2512 1867 2655 1936 puto,

1595 1954 1739 2004 locus
1765 1954 1855 2003 ille
1880 1968 1942 2003 ιι.
1963 1958 2047 2003 21.
2083 1954 2148 2004 Α.
2170 1954 2236 2003 U.
2258 1952 2319 2001 C.
2344 1964 2527 2001 ccmx.
2568 1951 2656 2000 ubi

1598 2030 1819 2080 XXXI.
1845 2031 2124 2094 tribus,pro
2139 2030 2299 2079 XXI.
2322 2033 2388 2077 tr.
2411 2029 2656 2093 leguntur

1594 2106 1752 2158 factae
1769 2123 1791 2166 ε,
1842 2109 1982 2173 quod
2027 2108 2217 2156 ibidem
2260 2106 2652 2155 annotavimus:

1596 2200 1903 2251 quamquam
1933 2185 2086 2233 tribus
2119 2197 2304 2233 nomen
2340 2183 2451 2231 late
2490 2188 2656 2245 patet,

1594 2268 1655 2311 ut
1680 2263 1761 2311 vel
1785 2261 1923 2324 apud
1947 2262 2248 2332 Dionysium
2273 2259 2442 2323 liquet
2464 2260 2518 2308 in
2543 2260 2651 2320 Ser.

1592 2339 1776 2389 Tullio.
1813 2338 1953 2389 Glar.
2035 2339 2175 2401 Lege
2219 2337 2402 2397 viginti
2437 2337 2651 2400 quiaque,

1596 2430 1660 2465 ex
1702 2424 1808 2466 vet.
1835 2416 1922 2464 lib.
1953 2420 2012 2465 nt
2044 2420 2184 2464 ante.
2219 2412 2393 2474 Sigon.
2462 2412 2654 2463 Viden-

1583 2502 1685 2560 ,tur
1706 2495 1816 2544 baec
1840 2494 1999 2543 verba
2022 2493 2230 2556 adjecta
2253 2505 2365 2540 esse
2383 2490 2449 2539 ab
2465 2491 2655 2554 aliquo,

1598 2571 1687 2635 qui
1709 2586 1808 2622 non
1831 2570 2195 2620 animadvertit
2216 2580 2319 2617 vn.
2346 2570 2429 2615 15.
2458 2581 2488 2615 a
2510 2567 2657 2615 Livio

1596 2648 1765 2699 scribi
1785 2647 1911 2697 diras
1936 2646 2167 2710 adjectas
2185 2659 2300 2694 esse
2322 2643 2511 2708 tribus,
2531 2644 2656 2701 item

1597 2712 1819 2774 totidem
1844 2737 1973 2772 vlu.
1999 2727 2078 2772 17.
2128 2722 2252 2771 item
2287 2719 2418 2770 duas
2453 2734 2538 2769 lx.
2575 2725 2655 2769 20.

1594 2809 1649 2850 et
1674 2801 1802 2850 duas
1825 2808 2090 2864 praeterea
2109 2800 2234 2846 alias
2256 2810 2312 2849 x.
2338 2800 2388 2845 9.
2410 2811 2529 2859 quae
2558 2796 2656 2845 hac

1593 2877 1796 2926 ratione
1822 2890 2093 2925 numerum
2113 2872 2384 2922 efficerent
2410 2873 2657 2934 tribuum,

1590 2968 1694 3003 non
1721 2940 1904 3003 xxiv.
1931 2951 2022 3003 sed
2053 2964 2213 3001 xmn.
2241 2950 2393 2998 ‘Vide
2415 2965 2536 3013 quae
2563 2964 2653 2998 no-

1591 3016 1813 3079 tavimus
1852 3028 1916 3095 ad
1962 3043 2004 3078 1.
2042 3032 2126 3078 43.
2164 3028 2383 3077 Ursinus.
2462 3026 2656 3089 Viginti

1589 3107 1812 3170 quinque,
1848 3121 1950 3156 non
1980 3107 2187 3168 triginta
2211 3107 2437 3169 quinque,
2475 3105 2656 3167 legunt

1590 3197 1789 3246 omnes,
1813 3198 1942 3247 quos
1965 3184 2222 3246 consului,
2249 3183 2403 3231 codd.
2424 3182 2646 3244 scripti:

1590 3259 1727 3324 quod
1754 3261 1891 3311 idem
1909 3260 2064 3309 etiam
2086 3260 2153 3309 de
2180 3261 2310 3309 Mss.
2335 3260 2652 3309 Oxouiensi-

1588 3337 1681 3386 bus
1707 3338 1916 3387 Hearne
1942 3344 2183 3386 testatur.
2216 3337 2356 3385 Vide
2379 3337 2652 3399 Sigoninm

1588 3415 1818 3478 aliosque
1843 3413 1907 3462 ad
1934 3428 1995 3463 ιι.
2019 3418 2101 3463 21.
2120 3415 2150 3477 §
2173 3417 2224 3462 7.
2292 3413 2540 3462 Ceterum
2565 3413 2642 3460 in·

1590 3495 1672 3538 ter
1696 3491 1860 3539 tribus
1884 3497 2001 3553 post
2035 3491 2145 3539 baec
2178 3497 2420 3552 tempora
2445 3489 2636 3538 veteri-

1587 3566 1682 3616 bus
1707 3567 1936 3631 adjectas
1969 3566 2101 3615 male
2136 3565 2429 3615 Glareanus
2468 3578 2648 3612 nnme-

1587 3657 1702 3693 rare
1742 3643 1947 3693 videtur
1984 3651 2210 3707 quatuor
2247 3641 2494 3704 urbanas,
2527 3655 2646 3704 qua·

1586 3735 1698 3771 rum
1721 3721 1833 3768 Liv.
1856 3733 1934 3768 lx.
1954 3722 2037 3768 46.
2064 3718 2313 3768 meminit.
2367 3720 2489 3767 Non
2511 3718 2646 3766 enim

1586 3797 1655 3848 Q.
1673 3796 1857 3847 Fabius
1873 3804 1927 3844 et
1948 3795 2011 3843 P.
2033 3794 2232 3844 Decius
2251 3809 2493 3844 censores
2516 3791 2646 3841 facti

1584 3887 1673 3921 eas
1698 3887 1857 3921 novas
1883 3871 2166 3935 addidisse,
2182 3872 2271 3920 sed
2308 3878 2323 3900 ⁸
2347 3884 2554 3920 omnem
2573 3868 2648 3918 fo·

1584 3968 1786 4001 rensem
1844 3953 2048 4001 turbam
2104 3959 2375 4001 excretam
2429 3952 2484 4000 in
2523 3951 2646 4014 eas,’

1585 4043 1703 4092 quae
1747 4043 1936 4093 nempe
1966 4028 2078 4092 jam
2120 4029 2648 4088 anterexstiterant,

1582 4109 1599 4136 ‘
1630 4106 1940 4170 conjecisse,
1961 4104 2319 4170 urbanasque'
2344 4106 2540 4167 tribus‘
2559 4104 2649 4154 ad-

1581 4184 1802 4248 pellasse
1824 4182 1840 4205 ⁹
1860 4182 2000 4231 dicto
2028 4183 2140 4232 loco
2164 4181 2467 4231 referuntur
2485 4197 2502 4244 ;
2523 4181 2645 4236 sive,

1589 4268 1602 4289 ⁸
1621 4273 1822 4308 omnem
1846 4257 2103 4308 forensem
2129 4257 2336 4307 turbam
2359 4259 2409 4306 in
2430 4264 2648 4327 quatuor

1564 4344 1790 4387 ‘tantum
1814 4334 1965 4405 modo
1984 4335 2146 4385 tribus
2164 4333 2525 4403 descripsisse,
2542 4344 2647 4381 eas-
