2934 4925
732 434 800 482 T.
851 433 1040 483 mvn
1093 432 1289 483 ms‘r.
1341 433 1481 483 mn.
1532 437 1635 486 vr.
1676 439 1848 490 oar.
1895 423 1961 488 9.

243 574 613 626 declinationis
652 581 844 627 neutra
865 578 933 627 ·in
965 592 995 627 e
1022 576 1307 628 ablativum

237 652 442 702 habent
476 653 588 702 ini.
658 654 774 703 Nisi
808 653 1060 710 dieamus,
1094 654 1309 717 neglex-

245 728 348 776 isse
371 728 471 778 boc
492 729 714 779 Livium.
779 729 962 780 Graece
981 738 1059 779 est
1081 729 1309 779 mre-ros.

243 804 311 852 In
335 805 615 855 Strabonis
637 807 819 857 codiee
851 805 1035 856 Νέπιτα
1069 807 1157 857 lib.
1180 822 1233 857 v.
1256 822 1310 871 p.

240 884 360 930 226.
384 889 440 931 et
463 884 518 931 in
542 884 801 933 Plin..1n.
819 889 871 933 5.
905 884 1113 949 Nepete,
1146 884 1221 936 ita
1251 892 1312 935 ut

237 958 372 1006 nibil
395 958 519 1007 inde
543 967 746 1010 certum
771 962 1001 1025 colligas.
1029 962 1172 1013 Glar.
1210 963 1312 1011 Re·

245 1034 533 1095 prehendit
576 1035 777 1086 Livium
820 1037 1130 1093 Glareanus,
1174 1036 1313 1102 quod

246 1109 434 1172 Nepete
455 1110 648 1161 dixerit
671 1114 725 1162 in
741 1127 864 1163 casu
887 1112 1178 1170 auferendi,
1197 1128 1314 1164 cum

243 1186 431 1250 Νομία·
451 1187 616 1239 fuerit
639 1190 933 1249 dicendum,
964 1192 1158 1255 qnippe
1198 1203 1314 1240 cum

237 1261 301 1311 in
338 1271 488 1314 recto
526 1279 651 1317 casu
694 1267 878 1332 Nepete
919 1268 1144 1318 dicatur.
1209 1267 1316 1319 Sed

243 1338 381 1389 facit
404 1342 611 1404 injuste.
654 1344 774 1395 Non
797 1347 933 1394 enim
956 1346 1128 1395 Livius
1151 1346 1316 1408 serip-

245 1417 319 1466 sit
346 1419 451 1468 ullo
472 1420 523 1467 in
550 1421 666 1470 loco
683 1422 888 1484 Nepete,
924 1424 1014 1473 sed
1048 1423 1227 1486 Nepet,
1260 1429 1317 1472 ut

239 1501 330 1543 est
372 1494 427 1543 iu
470 1497 692 1546 vetustis
734 1499 902 1550 libris.
982 1499 1188 1548 Doeent
1228 1506 1321 1547 aut

245 1573 604 1633 grammatici,
628 1574 888 1624 Charisius
912 1575 1001 1624 lib.
1028 1587 1066 1623 1.
1089 1590 1140 1637 p.
1160 1578 1243 1624 78.
1262 1580 1320 1623 et

246 1663 301 1710 p.
324 1652 444 1698 106.
480 1656 539 1699 et
573 1650 879 1704 Priscianus
914 1652 1001 1700 lib.
1026 1665 1104 1702 v1.
1132 1667 1182 1714 p.
1203 1655 1319 1701 687.

249 1723 347 1772 Gis
370 1730 428 1773 et
457 1725 637 1788 Nepet,
665 1727 846 1789 oppidi
873 1727 1045 1778 Italici
1070 1741 1275 1782 nomeu,
1297 1732 1322 1776 t

227 1798 405 1850 -litera
462 1803 748 1863 terminari,
801 1818 965 1867 eaque
1019 1803 1166 1854 flecti
1211 1818 1315 1853 non

245 1890 422 1937 posse.
491 1879 818 1943 Quamquam
843 1894 907 1929 ne
930 1881 973 1928 si
1001 1880 1186 1943 Nepete
1205 1881 1320 1945 qui-

239 1953 370 2004 dem
396 1954 449 2003 in
487 1963 634 2005 recto
665 1969 789 2005 casu
820 1956 1107 2012 diceretur,
1145 1956 1322 2019 Nepoti

249 2036 433 2079 tamen
456 2038 595 2080 esset
615 2031 668 2081 ei
690 2032 744 2081 in
773 2031 1003 2082 ablativo
1039 2031 1320 2081 edendnm.

248 2106 386 2155 Nam
410 2106 627 2171 propria
649 2108 700 2157 in
725 2123 753 2158 e
774 2108 1065 2158 desinentia
1086 2108 1320 2173 ejusdem

248 2183 634 2233 terminationis
687 2185 899 2245 babent,
929 2185 1321 2237 nominativum

249 2272 370 2308 cum
418 2259 670 2317 ablativo,
715 2269 775 2311 ut
817 2262 1087 2312 Praeneste.
1170 2262 1324 2312 Dixit

250 2334 393 2384 enim
416 2336 566 2400 Virg.
588 2337 705 2387 AEn.
732 2351 831 2387 vu.
852 2342 967 2388 682.
988 2340 1003 2367 ‘
1021 2339 1229 2402 Quique
1249 2341 1323 2388 al-

252 2419 362 2465 tum
407 2413 681 2465 Praeneste
720 2413 853 2465 viri.’
938 2416 1009 2467 Et
1047 2430 1173 2467 vm.
1210 2421 1325 2468 561.

245 2492 476 2542 §Qualis
520 2506 683 2550 eram,
731 2507 848 2542 cum
894 2496 1111 2556 primam
1161 2495 1324 2545 aciem

244 2569 533 2619 Praeneste
558 2571 652 2620 sub
674 2570 823 2636 ipsa.'
868 2572 1001 2624 Haec
1022 2573 1325 2625 Priscianus

245 2647 343 2697 lib.
372 2661 474 2697 vn.
499 2663 552 2711 p.
572 2653 689 2699 760.
757 2650 845 2700 Sic
868 2651 1026 2701 etiam
1051 2648 1189 2699 infra
1211 2664 1324 2700 cor-

252 2725 530 2781 rigendum
558 2732 656 2782 est,
689 2727 848 2791 Nepet
881 2728 1124 2777 exercitus
1157 2730 1328 2777 ductus

250 2807 340 2862 ese,
367 2817 463 2864 pro
494 2803 695 2865 Nepete.
750 2803 792 2865 [‘
808 2804 1100 2853 Glareanus
1119 2817 1222 2852 non
1246 2818 1326 2854 re-

254 2877 536 2940 prehendit
576 2878 802 2936 Livium‚
848 2879 941 2928 sed
979 2879 1042 2929 ad
1078 2879 1328 2931 bonorem

253 2955 367 3017 ejus
408 2956 505 3012 ait,
543 2970 662 3004 eum
699 2970 803 3005 uon
845 2970 1050 3006 curasse
1088 2956 1327 3007 rancida·

255 3033 706 3093 grammaticorum
748 3031 950 3096 leges.’]
1000 3034 1173 3095 Sigon.
1252 3034 1329 3084 Ut

251 3122 436 3165 ,verum
482 3107 674 3168 fatear,
716 3108 898 3159 habuit
938 3109 1087 3159 initio
1126 3110 1243 3159 Pal.
1276 3114 1329 3160 2.

257 3186 416 3249 Nepet
435 3202 453 3235 .-
488 3185 638 3249 cujns
657 3184 748 3234 fini
771 3185 838 3235 ab
868 3187 1329 3250 interpolatoribus

255 3276 281 3310 e
301 3261 538 3311 additum
560 3269 662 3311 est.
714 3262 820 3311 Pro
841 3263 1056 3325 ueniunt,
1075 3264 1207 3315 Pali.
1227 3263 1330 3313 duo

257 3347 551 3400 agnoscunt
573 3341 790 3389 tendant.
809 3339 982 3390 Gebb.
1038 3341 1197 3403 Nepte
1219 3340 1331 3389 Ox·

257 3430 341 3464 on.
367 3416 429 3466 C.
481 3416 663 3479 Nepai
697 3416 1008 3466 Glareanus·
1056 3418 1215 3479 Nepet
1251 3416 1330 3466 Si·

255 3506 380 3554 ·gou.
413 3506 444 3542 e
478 3498 609 3542 vett.
632 3492 759 3544 libb.
780 3507 880 3541 nec
902 3494 1058 3543 aliter
1083 3493 1331 3544 pum-m.

259 3575 307 3617 4.
351 3569 493 3631 Nepe
521 3570 732 3620 Patere.
757 3582 797 3619 1.
821 3574 903 3619 14.
927 3577 984 3619 et
1006 3569 1172 3620 Tabb.
1195 3570 1332 3619 Peu-

263 3642 590 3706 tingerianae.
665 3643 857 3694 Nisei-a
891 3645 1241 3696 Ptolem-411.
1287 3652 1332 3697 1.

261 3719 446 3769 Νέης-α
479 3721 657 3770 Strab.
683 3721 782 3773 lib.
804 3734 859 3771 v.
884 3737 935 3785 p.
962 3726 1074 3772 156.
1118 3721 1332 3774 Νέσσος

262 3796 415 3846 Dion.
448 3797 624 3848 Halic.
659 3805 798 3848 teste
837 3799 1022 3862 Steph.
1061 3800 1336 3864 Byzantio.

263 3874 397 3925 Νέπα
426 3876 653 3938 Procop.
690 3876 779 3925 lib.
819 3891 895 3926 ιν.
933 3878 1129 3926 Colonia
1164 3878 1333 3940 Nept's,

265 3951 441 4016 Nepet,
464 3961 521 4003 et
546 3953 783 4016 Nepensis
805 3954 1039 4003 Frontin.
1059 3955 1127 4002 de
1151 3955 1333 4004 Colou.

263 4029 421 4079 Varie
456 4030 583 4078 item
616 4029 862 4079 scribitur
884 4031 938 4078 in
961 4030 1222 4094 lapidibus
1245 4046 1334 4079 an-

264 4107 445 4169 tiquis,
489 4114 549 4156 ut
586 4106 817 4157 ostendit
859 4107 925 4158 P.
959 4108 1168 4157 Merula
1208 4108 1332 4157 Cos·

263 4196 429 4245 mogr.
451 4197 502 4246 p.
519 4187 635 4233 916.
663 4183 880 4235 Hem-ne.
944 4183 1234 4234 Addendus
1253 4189 1335 4232 est

265 4258 573 4311 Holstenius
597 4261 662 4309 ad
684 4262 1025 4323 Stephanum.
1050 4262 1185 4311 Duk.
1224 4262 1334 4310 Sae·

269 4336 402 4398 pius,
427 4337 602 4399 Nepet,
633 4353 727 4399 pro
751 4339 952 4402 Nepete,
991 4338 1144 4390 Livio
1180 4338 1334 4389 resti-

401 4419 573 4483 Delph.
594 4426 643 4469 et
674 4419 790 4471 ναν.
814 4420 947 4470 Clas.

1293 4419 1480 4470 Livius.

2270 425 2445 493 7897

1381 578 1632 630 tuendum
1644 591 1780 639 esse,
1793 581 2030 648 Sigonius
2043 584 2265 647 monnit3
2290 599 2445 651 quem

1381 655 1502 705 vide
1523 657 1622 707 boc
1646 659 1737 708 lib.
1760 660 1824 708 ad
1843 675 1890 710 c.
1909 664 1993 710 21.
2013 663 2041 725 §
2058 667 2109 712 4.
2161 675 2217 711 x.
2244 665 2324 712 14.
2344 664 2372 726 §
2394 665 2447 714 3.

1384 737 1754 799 xxvn.9.§⁷.
1787 744 1841 786 et
1880 751 2049 787 xxix.
2083 742 2161 788 15.
2198 741 2227 803 ς
2263 743 2312 788 5.
2380 741 2448 790 Ei

1386 822 1510 859 vero
1530 826 1599 860 ex
1620 813 1749 861 meis
1772 813 1867 863 boc
1889 815 2005 864 loco
2027 813 2207 865 favent
2230 815 2384 864 Harl.
2398 821 2448 866 2.

1382 886 1528 935 Port.
1552 893 1610 937 et
1632 886 1765 937 Hav-
1834 889 2040 954 Reliqui
2073 890 2210 951 libri,
2233 897 2287 940 et
2309 892 2450 940 inter

1383 963 1497 1011 illos
1516 964 1674 1014 etiam
1698 965 1902 1028 optimi,
1937 975 2239 1017 constanter
2268 969 2449 1031 vulga-

1388 1044 1499 1087 tum
1531 1039 1836 1096 defendunt,
1868 1041 1966 1090 nisi
1999 1041 2134 1106 quod
2160 1043 2346 1106 Nepote
2375 1043 2449 1093 sit

1387 1114 1442 1162 in
1479 1114 1607 1165 Lar.
1626 1118 1679 1164 3.
1741 1116 1914 1166 Varie·
1929 1127 2114 1166 nomen
2135 1117 2285 1181 hujus
2306 1117 2449 1167 urbis

1383 1190 1648 1253 seriptum
1680 1188 1845 1240 fuisse
1864 1191 1917 1240 in
1942 1194 2286 1244 monumentis
2308 1201 2452 1243 vete·
2504 1215 2509 1218 ·

1385 1280 1504 1314 rum
1548 1266 1754 1318 Graecis
1798 1273 1853 1316 et
1895 1267 2114 1326 Latinis,
2166 1268 2456 1320 docuerunt

1391 1343 1584 1392 Merul.
1601 1343 1873 1406 Cosmugr.
1898 1352 2033 1408 part.
2055 1358 2118 1394 ιι.
2141 1346 2176 1394 l.
2202 1359 2278 1394 ιν.
2294 1360 2345 1395 e.
2367 1349 2454 1396 21.

1392 1427 1545 1483 parte
1586 1421 1751 1470 altera
1796 1436 1849 1484 p.
1891 1436 1958 1471 m.
2000 1425 2116 1471 371.
2180 1423 2455 1473 Cluverius

1389 1497 1518 1546 Ital.
1540 1495 1803 1562 Antiq.·u.
1825 1501 1875 1547 3.
1896 1513 1946 1561 p.
1964 1502 2079 1548 539.
2115 1499 2306 1550 Cellar.
2323 1498 2455 1547 Orb-

1392 1571 1574 1637 Antiq.
1613 1586 1675 1622 ιι.
1706 1577 1757 1622 9.
1796 1587 1848 1636 p.
1870 1577 1985 1624 462.
2019 1582 2072 1624 et
2094 1575 2222 1625 Ger.
2243 1574 2456 1624 Vossius

1393 1648 1460 1698 ad
1484 1650 1624 1700 Vell.
1654 1650 1777 1700 Pet.
1802 1663 1838 1699 1.
1866 1653 1944 1700 14.
1968 1652 1997 1716 ς
2020 1655 2069 1700 2.
2102 1665 2322 1715 quorum
2346 1651 2455 1714 ple-

1392 1728 1540 1791 rique
1563 1726 1780 1776 laudant
1809 1727 2049 1791 lapidem,
2084 1728 2243 1778 etiam
2265 1742 2298 1777 a
2318 1727 2455 1777 Gru-

1394 1811 1510 1855 tero
1533 1803 1732 1853 editum
1756 1818 1809 1867 p.
1824 1816 2036 1856 cccux.
2057 1818 2199 1854 uum.
2214 1806 2259 1852 1.
2283 1804 2334 1852 in
2353 1817 2457 1866 qun

1393 1890 1711 1931 memoratur
1744 1893 1811 1929 lu.
1845 1893 2115 1931 Amsnvs.
2148 1893 2215 1930 u.
2251 1893 2299 1929 r.
2329 1892 2456 1931 Pal..

1393 1971 1643 2009 sanruvs.
1671 1971 1965 2009 ·nvvuvm.
1998 1969 2174 2009 vatos.
2209 1973 2324 2009 ιιιι.
2360 1969 2460 2008 vm

1394 2049 1627 2086 amma.
1660 2036 1799 2086 Vide
1812 2036 1971 2085 etiam
1996 2051 2048 2099 p.
2060 2048 2303 2086 ccccm.
2319 2048 2458 2083 uum.

1392 2116 1445 2162 7.
1495 2114 1576 2163 ·Id
1606 2128 1728 2163 vero
1754 2119 1902 2162 recte
1937 2112 2180 2176 Sigonius
2215 2112 2313 2161 boc
2342 2112 2460 2161 loch

1387 2190 1616 2251 monuit,
1651 2189 1774 2240 lieet
1799 2189 1983 2253 Nepete
2018 2202 2146 2237 casu
2180 2187 2349 2251 primo
2382 2186 2460 2237 di-

1387 2274 1563 2324 natur,
1586 2268 1708 2317 inde
1733 2273 1904 2317 nmen
1926 2282 2050 2317 essu
2068 2272 2217 2317 sexto
2239 2279 2339 2315 non
2359 2266 2462 2314 Ne·-

1393 2344 1511 2407 peti,
1562 2345 1653 2394 sed
1699 2345 1903 2408 Nepete,
1936 2342 2280 2394 'formandum
2326 2355 2463 2391 esso.

1387 2421 1539 2471 Nam
1560 2434 1607 2469 ,ι
1639 2427 1783 2472 teoto
1815 2423 1829 2449 ‘
1848 2418 2152 2471 Pmnesle'
2184 2431 2287 2469 non
2308 2417 2464 2467 modo

1398 2501 1651 2563 Virgilius
1691 2501 1900 2563 aliique,
1937 2499 2027 2549 sed
2068 2498 2247 2549 Livius
2284 2498 2465 2554 etiam,

1399 2577 1680 2628 ablativum
1734 2586 1750 2609 ⁸
1785 2579 2057 2628 Praeueste
2090 2575 2106 2597 '
2161 2575 2466 2625 formarunt·

1401 2655 1522 2705 Hoc
1557 2655 1648 2705 lib.
1671 2671 1719 2704 c.
1742 2659 1822 2703 19.
1855 2661 1871 2683 ⁶
1889 2654 1994 2702 Vix
2019 2653 2206 2702 moenia
2228 2658 2342 2701 tuta
2364 2650 2465 2699 rati

1351 2775 1357 2781 .
1393 2731 1596 2794 ‘oppido
1627 2745 1684 2779 se
1718 2732 1990 2780 Praeneste
2022 2724 2330 2778 includunt?
2397 2726 2466 2775 Et
2536 2729 2544 2738 ’

1400 2820 1525 2856 mox
1541 2806 1723 2856 eodem
1735 2820 1852 2869 eap.
1866 2813 1881 2836 ‘
1899 2804 2344 2867 Triumphausque
2362 2800 2467 2865 sig-

1393 2897 1522 2932 ·unm
1547 2883 1816 2932 Praeneste
1839 2882 2113 2931 devectum
2128 2880 2277 2931 Jovis
2298 2879 2470 2941 Impe-

1401 2960 1590 3009 ratoris
1606 2961 1657 3008 in
1677 2959 1988 3022 Capitolium
2005 2954 2162 3005 tulit.'
2195 2964 2365 3003 xxm.
2385 2957 2467 3002 19.

1401 3039 1624 3088 ‘Statua
1657 3035 2000 3100 ejus-iudicio
2036 3034 2156 3093 fnit,
2193 3034 2468 3082 Praeneste

1401 3114 1595 3165 infforo
1618 3112 1849 3163 statura!
1886 3111 2022 3161 Vide
2045 3111 2204 3160 eliam
2225 3108 2469 3159 vossium

1404 3190 1634 3240 Gramm.
1652 3193 1832 3241 1v.·11.
1851 3189 1937 3238 ubi
1951 3203 1982 3237 a
1996 3186 2253 3238 cummuni
2270 3185 2469 3248 regula,

1403 3276 1592 3318 neutra
1626 3269 1679 3317 in
1710 3282 1737 3316 e
1758 3278 1934 3316 casum
1958 3262 2303 3314 auferendiin
2325 3258 2470 3310 ifor·

1399 3356 1567 3407 mare,
1583 3345 1753 3394 omnis
1771 3343 1980 3393 uomina
2003 3340 2216 3406 propria
2240 3337 2473 3388 eximen-

1406 3419 1474 3470 da
1499 3420 1689 3482 docet3
1725 3420 1810 3470 illa
1842 3419 1979 3469 enim
2001 3431 2121 3468 eum
2142 3417 2195 3466 in
2216 3431 2243 3466 e
2264 3412 2473 3464 efferre.

1399 3497 1677 3546 Praeterea
1699 3506 1856 3547 voces
1874 3511 1934 3545 ac
1950 3495 2129 3544 Sutrio
2165 3492 2403 3541 exsulant
2438 3502 2472 3538 a

1410 3575 1556 3624 Leid.
1584 3579 1629 3624 1.
1668 3575 1821 3623 Voss·
1843 3577 1893 3622 2.
1931 3573 2058 3622 Lov.
2080 3576 2127 3621 2.
2155 3574 2206 3619 3.
2248 3568 2397 3617 Harl.
2423 3570 2471 3616 l.

1407 3649 1598 3712 fragm.
1636 3649 1772 3699 Hav.
1805 3647 2113 3698 et·Hearnii
2139 3645 2316 3693 Oxou.
2339 3643 2471 3695 1...2.

1400 3726 1605 3775 ,Verum
1645 3726 1810 3775 omnis
1845 3722 2075 3772 narratio
2113 3734 2200 3770 eas
2218 3717 2476 3782 requirit.

1401 3804 1584 3856 ‚Quare
1626 3800 1958 3866 neglegentia
2000 3798 2286 3849 scribarum
2331 3795 2473 3844 exci-

1409 3880 1550 3929 disse
1567 3878 1827 3927 videninr.
1892 3874 2092 3925 Deinde
2111 3873 2278 3922 Sutrio
2292 3873 2476 3921 anxilio

1408 3959 1519 4006 adv.
1541 3958 1768 4004 Etmoos
1794 3954 1929 4002 Hav.
1980 3951 2148 4000 &trio
2167 3964 2282 3999 aux.
2304 3951 2477 4000 adver·

1401 4048 1485 4085 ,nos
1516 4034 1738 4080 Etruscos
1773 4029 1926 4080 Harl.
1952 4032 1999 4077 1.
2045 4027 2215 4079 Scurio
2234 4043 2346 4075 aux.
2368 4028 2476 4075 ud·-

1412 4110 1649 4157 Etrnscus
1690 4107 1837 4156 Port.
1886 4105 2012 4157 ·Qui
2052 4116 2230 4153 omues
2272 4116 2476 4153 errores

1409 4198 1476 4233 ex
1502 4196 1605 4231 uno
1628 4183 1717 4232 illo
1739 4180 1887 4230 fonte
1913 4178 2293 4244 profluxerunt,
2321 4193 2475 4242 quem

1409 4259 1640 4308 indicavi
1675 4258 1773 4307 boe
1809 4256 1896 4305 lib.
1916 4271 1962 4305 o.
1988 4260 2036 4305 3.
2070 4258 2169 4319 §8.
2240 4256 2477 4320 Denique

1405 4342 1620 4400 petentes
1642 4337 1841 4387 tendant
1864 4335 2017 4387 Voss.
2042 4338 2089 4383 2.
2108 4339 2161 4382 et
2186 4332 2315 4383 Low.
2332 4337 2379 4381 3.

2195 4417 2259 4462 22
2295 4412 2346 4464 Q
