2934 4925
448 406 625 476 8034

451 567 661 635 quidam
692 564 862 616 secuti
893 568 1032 615 snut.
1097 562 1387 614 Frobenins
1418 561 1510 612 de-

450 660 588 695 mum
613 648 758 695 1686.
789 643 842 692 id
874 642 1042 703 dedit,
1063 641 1199 707 quod
1230 655 1369 690 nunc
1402 640 1513 690 edi·

453 732 559 774 tur.
628 723 699 772 Et
723 722 795 771 ita
818 719 979 770 hahet
1003 720 1147 768 Flor.

518 801 583 850 Id
601 801 736 849 modo
754 803 971 849 extremo
998 812 1123 847 anno
1157 792 1515 857 inmutatum]

453 878 686 927 Extremo
716 875 832 925 anni
865 876 992 925 Lov.
1024 878 1073 924 2.
1105 872 1240 938 quod
1274 885 1375 920 non
1411 871 1508 920 ἀίει

451 955 691 1019 pliceret,
714 953 753 1002 si
778 954 952 1017 plnres
990 965 1052 1001 ac
1084 950 1333 999 certiores
1360 946 1515 997 codd.

451 1030 753 1095 probarent.
818 1027 953 1078 Vide
978 1026 1042 1076 sd
1067 1037 1270 1075 xxxix.
1298 1028 1381 1073 23.
1411 1025 1439 1087 §
1464 1027 1513 1073 3.

450 1122 588 1159 nunc
610 1121 736 1156 vero
756 1106 1020 1168 vulgatum
1051 1117 1220 1153 servo.
1281 1102 1411 1150 Tum
1436 1106 1514 1150 tu·

450 1189 737 1237 mulctatum
755 1189 827 1234 est
849 1183 998 1233 Harl.
1021 1187 1072 1233 2.
1103 1182 1254 1231 Port.
1290 1180 1515 1230 Gaertn.

451 1271 509 1316 et
544 1264 683 1314 Hav.
748 1263 813 1313 Iu
851 1261 1041 1318 verbis,
1076 1274 1192 1324 qnae
1231 1263 1517 1320 sequuntur

452 1341 709 1408 proxime,
730 1338 1040 1394 debellarunt,
1079 1350 1173 1400 pro
1208 1334 1515 1390 rebellarunt,

451 1432 725 1483 perperam
753 1413 969 1479 praefert
987 1413 1205 1463 Gaertn.
1272 1410 1377 1460 Sed
1403 1424 1516 1473 pas·

451 1494 547 1543 sim
570 1491 730 1542 verba
754 1505 870 1541 cnm
895 1489 1092 1538 voculis
1118 1489 1176 1537 de
1208 1495 1263 1536 et
1293 1501 1345 1535 re
1376 1500 1519 1535 com-

451 1569 623 1633 posita
658 1568 797 1618 inter
826 1579 882 1615 se
913 1571 1314 1615 commutantur.
1359 1563 1517 1613 ‘Vide

452 1645 520 1696 ad
546 1657 631 1696 tx.
656 1650 737 1694 10.
771 1648 799 1711 §
822 1649 872 1695 6.

518 1726 547 1788 §
569 1727 604 1773 9
636 1724 817 1772 Eodem
833 1737 955 1772 anno
976 1722 1120 1771 etiam
1139 1721 1259 1786 ipsis
1276 1714 1523 1783 querenti·‘

452 1799 541 1849 bite
570 1800 816 1863 penuriam
844 1799 1082 1848 hominum
1111 1799 1222 1847 novi
1250 1797 1400 1846 coloni
1431 1797 1518 1845 od-

354 1929 358 1938 ,
447 1877 644 1941 scripti]
676 1877 939 1927 omissum
973 1883 1053 1925 est
1085 1876 1183 1925 hoc
1229 1876 1341 1924 loco
1378 1875 1517 1923 colo·

451 1954 554 2001 niae
594 1967 799 2002 nomen.
865 1951 1003 2002 Nam
1054 1951 1120 1999 de
1170 1948 1519 2000 Praenestinis

451 2027 673 2091 intelligi
697 2042 797 2076 nou
821 2033 1016 2091 potest,
1039 2027 1125 2090 qui
1155 2026 1266 2089 jam
1299 2024 1519 2074 rebella·

452 2111 590 2155 runt.
656 2104 879 2157 Quidam
907 2105 972 2153 de
1008 2104 1214 2153 Satrico
1237 2102 1334 2152 hoc
1366 2103 1518 2151 intel·

450 2182 646 2245 lignun
681 2189 734 2231 at
755 2182 855 2230 hoc
877 2181 1049 2230 statim
1074 2187 1190 2244 post
1214 2178 1273 2229 tit
1294 2181 1517 2229 hostium

452 2258 862 2322 receptaculum.
944 2258 1057 2319 Ego
1111 2256 1176 2304 de
1233 2256 1520 2306 Veliternis

452 2334 744 2398 intelligere
763 2332 956 2382 malim.
1011 2333 1150 2382 Nam
1166 2332 1261 2387 illi,
1278 2334 1382 2382 otio
1402 2348 1520 2397 ges-

453 2412 664 2472 tientes,
686 2412 738 2462 in
773 2425 950 2475 agrum
981 2410 1270 2459 Romanum
1307 2411 1520 2462 incursi-

452 2504 605 2539 onem
641 2487 827 2538 fecisse
859 2488 1034 2551 paullo
1066 2494 1185 2551 post
1216 2486 1518 2538 describun-

454 2574 558 2616 tur.
596 2565 740 2615 Glar.
808 2564 1156 2613 Desideratur
1177 2564 1394 2613 coloniae
1427 2579 1517 2614 no-

451 2658 587 2693 men.
653 2643 789 2693 Nam
815 2642 878 2690 de
902 2640 1239 2690 Proenestinis
1263 2642 1519 2692 rebellan-

451 2721 591 2771 tibus
635 2720 856 2783 intelligi
901 2733 1002 2767 nou
1048 2724 1244 2781 potest.
1324 2720 1405 2769 Ne
1450 2721 1519 2769 de

449 2798 670 2848 Satrico·
694 2796 901 2861 quidem
945 2801 1001 2845 et
1037 2795 1297 2845 Velitris:
1346 2811 1518 2861 neque

453 2874 590 2924 enim
635 2872 859 2938 syllabas
902 2871 1114 2932 hahent,
1156 2886 1274 2935 quas
1327 2873 1518 2922 erroris

451 2964 659 3021 causam
705 2949 930 2999 tribuere
973 2947 1187 3001 librario
1234 2952 1516 3013 potuerint.

450 3027 640 3092 Itaque
657 3041 756 3091 ego
773 3026 883 3076 sine
902 3026 1058 3076 dubio
1078 3026 1353 3090 legendum
1373 3034 1522 3091 puto,

449 3105 632 3154 Eodem
662 3117 785 3152 anno
817 3102 1017 3166 Setiam,
1050 3103 1166 3167 ipsis
1195 3105 1519 3167 querentibus.

450 3180 613 3230 Setiae
654 3181 790 3229 enim
833 3181 1049 3229 coloniae
1093 3189 1213 3243 post
1253 3182 1517 3234 Satricum

452 3256 692 3305 deductae
717 3256 951 3305 meminit
968 3257 1104 3304 Vell.
1130 3270 1168 3304 r.
1191 3260 1271 3307 14.
1337 3259 1407 3309 Et
1430 3261 1517 3310 Li-

453 3333 564 3380 vius
584 3330 672 3380 lib.
697 3343 800 3379 vn.
821 3337 1057 3380 extremo
1083 3332 1295 3382 Norbam
1314 3339 1362 3384 et
1384 3335 1516 3385 Seti-

449 3424 531 3459 om
547 3409 790 3475 finitimas
822 3409 1027 3457 colonias
1059 3418 1247 3460 vocat:
1282 3426 1400 3462 cum
1438 3404 1526 3463 ta?

451 3500 704 3550 memque
728 3500 859 3535 anno
879 3485 1100 3534 deducta
1122 3486 1266 3536 Setia
1289 3489 1375 3545 sit,
1392 3504 1516 3540 nus·

449 3579 603 3631 quam
620 3563 755 3628 apud
775 3577 892 3612 eum
912 3571 1100 3613 exstet.
1166 3565 1318 3616 Quod
1340 3574 1516 3618 autem

450 3642 562 3691 novi
594 3641 745 3691 coloni
779 3639 919 3691 dicat
944 3641 1011 3689 de
1043 3641 1126 3704 iis,
1148 3642 1237 3707 qui
1269 3649 1376 3693 tum
1410 3647 1516 3708 pri·

451 3733 592 3768 mum
634 3717 850 3767 deducti
894 3717 1017 3779 sint,
1049 3733 1152 3768 non
1190 3727 1273 3770 est
1311 3722 1515 3772 mirum.

450 3794 660 3845 Etenim
690 3795 765 3842 sic
802 3793 1008 3842 locutus
1032 3801 1115 3843 est
1139 3809 1202 3844 11.
1224 3800 1305 3846 34.
1335 3796 1352 3825 ‘
1378 3798 1516 3847 Nor·

450 3870 535 3920 bae
560 3871 610 3919 in
638 3876 839 3919 montes
863 3883 1045 3918 novam
1081 3871 1333 3921 coloniam
1364 3873 1518 3923 mise-

450 3947 610 3998 runt!
659 3948 745 3996 'Et
769 3945 1005 3995 Paedian.
1028 3948 1080 3995 in
1106 3947 1288 4001 Pison.
1324 3949 1343 3976 ‘
1364 3950 1518 3998 Pom-

451 4025 601 4088 peius
626 4036 725 4072 non
747 4023 889 4071 novis
913 4024 1107 4072 colonis
1124 4039 1210 4073 eas
1226 4028 1516 4084 constituit,

451 4101 544 4150 sed
570 4098 832 4149 veteribus
855 4101 1035 4149 incolis
1067 4103 1394 4152 manentibus
1423 4104 1531 4168 jns‘

451 4175 598 4226 dedit
622 4174 797 4225 Latii!

451 4253 502 4302 vi
523 4252 692 4302 coloni
716 4250 931 4302 dedu'cti
953 4252 1107 4302 sunt)
1142 4254 1313 4317 Sigon.
1364 4257 1516 4306 Cam·

452 4329 578 4399 pani
600 4328 684 4378 ed.
706 4327 875 4392 ipsius.
940 4329 1014 4380 At
1035 4329 1273 4395 Sigonius
1301 4341 1518 4385 couten-

864 4176 1021 4239 Item,
1044 4185 1059 4207 ‘
1080 4177 1403 4229 Placentiam
1426 4196 1515 4232 no·
1550 4184 1557 4189 ’

1143 418 1362 469 ΝΟΤΕ
1409 411 1835 467 VA'RIORUM'
1867 415 1950 466 IN

1587 561 1667 612 dit
1687 558 2167 625 legendnm‚Eodent
2184 555 2308 609 anno
2320 557 2509 609 Satan
2522 553 2663 621 ipsa.

1588 639 1839 689 Rationes
1893 636 2014 686 vide
2069 635 2208 700 apud
2265 636 2455 700 ipsum.
2501 635 2660 685 Gebk.

1586 716 1762 765 Multa
1782 714 1939 778 hujus
1965 713 2173 778 generis
2205 712 2408 767 Setiam,
2438 712 2566 776 ipsis
2592 726 2662 761 ex

1588 793 1739 842 Livio
1777 791 2049 841 adnotavit
2087 788 2384 839 Gronovius
2417 789 2487 837 de
2527 789 2685 856 Pec„

1587 869 1711 919 Vet.
1747 882 1811 918 u.
1845 872 1893 918 4.
1932 867 2118 932 quibus
2158 858 2312 915 facile
2351 865 2501 928 plura
2538 863 2663 913 addi

1589 955 1820 1009 possent.
1889 943 2087 994 Eadem
2142 941 2345 992 ratione
2398 940 2469 989 de
2527 939 2660 989 Pec.

1588 1023 1714 1074 Vet.
1757 1036 1844 1073 111.
1882 1027 1962 1072 17.
2011 1030 2198 1072 contra
2239 1018 2579 1082 Scaliger-um
2606 1024 2660 1067 et

1589 1102 1716 1150 alios
1752 1099 1996 1150 defendit
2033 1099 2295 1161 vulgatam
2340 1095 2661 1157 scripturam

1591 1178 1782 1228 Catulli
1808 1179 1981 1227 carm.
2013 1189 2069 1225 x.
2111 1173 2432 1238 ‘Respondi,
2450 1172 2502 1220 id
2525 1172 2662 1236 quod

1591 1262 1724 1319 erat,
1747 1255 1871 1305 nihil
1895 1269 1991 1304 nec
2014 1253 2163 1317 ipsis,
2199 1251 2315 1302 Nec
2350 1248 2665 1314 praetoribus

1591 1348 1724 1394 esse,
1749 1348 1848 1384 nec
1882 1334 2101 1397 cohorti,
2132 1333 2240 1383 Cur
2265 1329 2537 1394 qnisquam
2576 1342 2667 1377 ca-

1592 1418 1688 1472 put
1723 1411 1925 1459 unctius
1961 1405 2236 1458 referret?
2279 1419 2394 1454 nam
2430 1404 2554 1468 quia
2591 1403 2663 1453 ibi

1590 1487 1866 1550 praecedit,
1899 1485 2053 1550 ‘quid
2078 1492 2220 1534 esset
2243 1483 2353 1546 jam
2392 1481 2666 1544 Bithynia,

1589 1578 1692 1628 qno
1717 1563 1870 1613 modo
1890 1577 1944 1611 se
1968 1563 2201 1616 haberet,
2229 1556 2389 1623 ipsis'’
2425 1557 2662 1608 referen-

1591 1639 1714 1689 dum
1756 1639 1886 1689 dicit
1922 1639 1987 1689 ad
2026 1639 2302 1702 Bithynos.
2370 1638 2469 1686 Est
2512 1637 2659 1685 locus

1590 1718 1975 1767 vexatissimus.
2039 1715 2145 1766 Sed
2190 1714 2418 1764 dubitari
2468 1720 2662 1776 potest,

1590 1808 1656 1842 an
1695 1795 1810 1844 haec
1845 1794 1914 1843 sit
1951 1791 2209 1842 sententia
2245 1790 2526 1840 verborum
2560 1790 2659 1840 Ca-

1589 1870 1725 1934 tulli,
1770 1869 1838 1920 oh
1891 1868 2024 1919 hanc
2082 1868 2348 1932 praecipue
2400 1882 2657 1923 caussam,

1593 1946 1731 2010 qnod
1778 1945 2119 2010 provinciales
2172 1944 2480 2009 plerumque
2534 1943 2658 1992 nihil

1589 2024 1776 2085 minus,
1798 2038 1950 2088 qnam
1981 2029 2139 2086 caput
2179 2022 2384 2071 unctius
2409 2020 2478 2070 ab
2500 2021 2673 2070 admi-‘

1591 2100 1898 2150 nistratione
1914 2106 2191 2163 praetorum
2209 2099 2561 2148 Romanorum
2579 2110 2675 2148 τεο·

1591 2176 1851 2227 ferebant.
1876 2178 2011 2227 an.
2066 2169 2243 2226 Eodem
2261 2175 2389 2225 anno
2407 2176 2530 2239 ipsis
2549 2190 2658 2238 que-

1589 2256 1807 2306 rentibus
1844 2256 1998 2304 Voss.
2034 2259 2081 2305 1.
2144 2255 2327 2304 Eodem
2369 2270 2496 2303 anno
2540 2255 2660 2317 ipsis

1591 2336 1737 2385 etiam
1781 2334 2084 2398 querentibus
2127 2334 2273 2383 Harl.
2316 2337 2368 2384 2.
2414 2334 2566 2383 Leid.
2610 2338 2662 2385 2.

1594 2414 1794 2464 Lovil.
1823 2417 1876 2464 4.
1907 2420 1955 2465 6.
1994 2407 2142 2464 Porti
2180 2418 2232 2463 et
2269 2410 2411 2464 Hav.
2478 2413 2675 2462 anm*

1593 2505 1716 2540 anno
1740 2491 1883 2540 etiam
1903 2489 2202 2555 querentibus
2221 2488 2411 2537 Lov.3.
2485 2489 2660 2538 Eodem

1594 2581 1720 2617 anno
1755 2568 1902 2618 etiam
1935 2567 2055 2631 ipsis
2081 2565 2401 2631 querentibus·
2424 2565 2581 2614 Voss.
2612 2566 2675 2616 2:

1595 2644 1744 2694 Leid.
1790 2648 1840 2694 l.
1886 2644 2015 2694 Lov.
2055 2646 2106 2692 2.
2151 2642 2301 2692 Harl.
2345 2645 2394 2690 l.
2440 2640 2673 2690 Gaertu.·

1588 2720 1775 2785 fragm.
1796 2722 1937 2773 Hav.
1975 2721 2112 2771 Flor.
2137 2727 2192 2770 et
2217 2719 2435 2770 Hearnii
2463 2718 2675 2769 Oxoni·'

1593 2796 1761 2852 e'nses.
1831 2801 1887 2851 Si
1911 2806 2083 2850 autem
2109 2814 2203 2863 pro
2223 2813 2286 2847 eo
2308 2811 2427 2848 cum
2449 2797 2663 2862 Sigonio

1596 2878 1773 2926 Eodem
1791 2892 1918 2927 anno
1939 2876 2123 2926 Setiam
2144 2875 2421 2937 legendnm
2454 2883 2560 2937 est,
2583 2889 2663 2924 er-

1594 2966 1684 3003 ror
1716 2952 1838 3003 inde
1876 2960 2020 3002 ortus
2058 2965 2172 3001 esse
2206 2949 2490 3011 videbitur,
2525 2949 2662 3014 quod

1592 3029 1832 3080 librarius
1848 3030 2055 3080 literam
2080 3027 2123 3078 S
2142 3027 2392 3077 initialem
2413 3027 2662 3088 omiserit,
2689 3034 2695 3039 '

1591 3114 1654 3157 nt
1688 3122 1807 3157 enm
1846 3112 2032 3171 postea
2071 3105 2230 3155 minio
2275 3104 2446 3153 aliove
2487 3104 2663 3153 colore

1593 3186 1826 3236 ornatius
1869 3190 2134 3234 exararet.
2197 3182 2334 3233 Vide
2377 3174 2567 3231 etiam'
2596 3176 2659 3230 ad

1592 3276 1695 3313 vu.
1716 3266 1799 3314 42.
1829 3264 1858 3326 §
1881 3265 1930 3312 8.
1997 3260 2202 3310 Similes
2236 3272 2444 3308 errores
2472 3257 2658 3320 saepius

1592 3337 1853 3387 commissi
1888 3341 2009 3386 sunt
2045 3334 2183 3399 apud
2217 3332 2396 3397 poiitas
2428 3332 2482 3382 in
2514 3332 2657 3382 initio

1593 3428 1875 3473 versuum3
1921 3412 2060 3462 unde
2100 3410 2318 3474 factum,
2353 3416 2433 3471 nt,
2479 3411 2522 3459 si
2560 3425 2657 3459 vox

1591 3491 1773 3540 mutila
1792 3504 1853 3540 ac
1870 3489 2047 3553 capite
2066 3493 2307 3537 truncata
2326 3489 2504 3536 tamen
2526 3492 2663 3536 com-¹

1592 3568 1799 3617 modum
1843 3579 2049 3614 sensum
2094 3563 2383 3625 exhiberet,
2425 3565 2569 3612 nulla
2610 3564 2656 3612 ei

1592 3643 1742 3692 litera
1765 3639 2050 3706 praeposita
2069 3637 2253 3689 fuerit.
2317 3640 2459 3689 Vide
2482 3642 2655 3690 Bentl.

1594 3720 1658 3770 ad
1683 3719 1815 3769 Hor.
1836 3718 2006 3783 Epod.
2027 3729 2178 3766 xv11.
2202 3719 2285 3765 83.
2306 3718 2392 3765 vel
2415 3724 2477 3766 nt
2516 3726 2652 3779 post·

1592 3812 1677 3858 ea,
1713 3810 1815 3846 non
1852 3793 2102 3845 consultis
2146 3792 2449 3843 melioribus
2494 3794 2656 3847 libris,

1594 3873 1713 3933 alia,
1729 3886 1880 3935 quam
1906 3868 2151 3931 debebat,
2171 3867 2489 3919 adderetur.·
2522 3870 2653 3919 Vide

1593 3947 1830 3999 eumdem
1863 3945 2039 3995 Bentl.
2068 3944 2133 3993 ad
2165 3945 2298 3994 Hor.
2336 3944 2444 3996 011.
2478 3959 2544 3994 ιι.
2575 3950 2652 3995 18.

1593 4029 1676 4075 30.
1744 4025 1933 4088 Neqne
1967 4029 2173 4071 tantum
2211 4021 2350 4085 apud
2387 4020 2571 4085 poir‘tas
2602 4022 2652 4069 iu

1593 4101 1741 4151 initio
1775 4112 2013 4149 versuum
2036 4098 2110 4147 ita
2131 4106 2409 4161 peccatum
2446 4106 2543 4152 est,
2564 4096 2650 4146 s'ed

1593 4187 1650 4229 et
1678 4179 1730 4227 in
1766 4177 1936 4226 medio
1959 4189 2160 4237 eorum,
2182 4179 2242 4224 ut
2275 4181 2332 4223 et
2362 4174 2414 4223 in
2447 4176 2650 4238 scriptis

1594 4254 1812 4305 aliorum
1847 4258 2135 4311 auctorum,
2168 4250 2257 4300 uhi
2289 4250 2443 4300 litera
2465 4251 2650 4313 majus·

1595 4333 1713 4384 cula
1734 4339 1850 4382 erat
1868 4327 2157 4380 scribenda.
2212 4327 2299 4379 Ita
2320 4326 2537 4393 Amr-50,
2557 4342 2650 4393 pro
