2934 4925
772 395 844 446 τ.
893 394 1083 445 mvn
1130 393 1328 444 msr.
1385 394 1530 446 mn.
1570 395 1636 444 v.
1682 395 1849 447 car.
1894 381 2001 445 40.

292 550 396 601 per‘
430 535 806 601 adpositiouem
851 538 1209 603 accipiendum
1233 541 1339 591 'est

286 613 633 676 ‘Capitolium
674 615 825 664 sedes
861 616 1158 666 Deorumz'
1213 632 1337 683 quo-

289 689 433 740 modo
470 690 487 718 ‘
508 691 823 755 Capitolium
846 692 1054 744 domum
1076 692 1223 747 Jovis
1248 708 1338 758 op-

287 766 397 815 timi
417 769 629 818 maximi
655 768 671 791 '
695 776 846 819 vocat
868 783 953 819 m.
977 774 1059 821 17.
1114 776 1130 800 ‘
1153 770 1215 820 In
1239 771 1339 821 Ca-

283 843 519 906 pitolium
538 859 767 907 currere,
802 846 1027 895 liberare
1062 862 1124 897 ac
1148 861 1340 911 pacare

284 919 700 981 augustissimam
746 922 883 971 illam
924 922 1131 973 domum
1190 923 1339 974 Jovis

280 994 462 1057 optimi
485 996 696 1046 maximi
721 996 933 1047 decuit.’
969 996 1143 1047 -1nfra
1173 997 1274 1048 boc
1305 998 1340 1051 l.

280 1082 325 1118 c.
358 1072 442 1119 51.
512 1070 890 1136 ‘confugimus
934 1074 987 1124 iu
1024 1074 1339 1138 Capitolium

279 1145 343 1195 ad
362 1148 528 1210 Deos,
546 1148 612 1197 ad
629 1149 804 1199 sedem
820 1149 969 1201 Jovis
982 1151 1162 1215 optimi
1179 1151 1339 1201 maxi-

279 1221 386 1271 mi.’
453 1225 567 1275 Cic.
610 1226 663 1274 in
708 1227 861 1276 Verr.
899 1240 975 1277 ιν.
1015 1232 1097 1277 58.
1166 1227 1339 1279 ‘Illud

276 1298 598 1352 Flamininus
636 1304 712 1354 ita
751 1317 817 1353 ex
856 1304 969 1354 aede
1002 1320 1096 1355 sua
1116 1306 1340 1363 sustulit.

276 1380 335 1427 ut
367 1378 423 1428 in
458 1379 740 1446 Capitolio,
763 1380 860 1431 hoc
892 1388 991 1443 est,
1025 1382 1076 1431 in
1104 1383 1341 1433 terrestri

280 1452 547 1506 domicilio
569 1458 738 1522 sevis,
761 1457 1015 1522 poneret!

327 1531 535 1582 Relictae
546 1534 602 1583 iu
611 1535 727 1584 urbe
748 1535 909 1599 utique
918 1536 1146 1599 peritura·
1160 1536 1336 1601 turbor]

278 1609 509 1660 Peritum
543 1612 692 1661 Harl.
719 1616 767 1663 1.
821 1614 891 1663 Et
924 1614 996 1662 ita
1031 1614 1083 1663 iu
1106 1614 1340 1675 margine·

259 1684 410 1736 vLivii
441 1687 779 1738 scribendum
812 1689 1038 1753 conjecit
1077 1688 1201 1740 Ant.
1233 1690 1337 1740 Pe·

275 1761 517 1813 rizonius.
591 1764 663 1815 At
686 1765 806 1815 nihil
828 1774 991 1816 muto.
1054 1766 1340 1831 vulgatum

276 1840 411 1889 enim
452 1842 730 1892 commode
773 1848 944 1907 potest
982 1843 1192 1904 servari,
1237 1844 1336 1895 uti-

274 1928 373 1979 que
397 1918 636 1980 peritura
654 1927 768 1968 erat
798 1919 1054 1968 seniorum
1077 1920 1253 1985 turba,
1292 1921 1337 1971 si

276 2006 391 2042 cum
412 1995 632 2044 militari
648 1991 929 2057 juventute
951 1996 1003 2044 in
1022 1996 1337 2059 Capitolium

276 2070 1339 2136 concessissetobcommeatuuminopiam.

278 2153 332 2196 et
364 2147 485 2198 ideo
507 2147 682 2198 facilis
717 2157 833 2199 erat
844 2148 1073 2213 jactura,
1095 2164 1196 2215 qua
1221 2151 1336 2200 reli·

277 2238 513 2288 quorum,
568 2225 879 2289 ceteroquin
928 2225 1078 2275 simul
1116 2240 1232 2277 cum
1274 2227 1339 2278 iis

277 2301 667 2364 moriturorum,
694 2301 805 2351 vita
827 2299 1199 2353 redimebatur.

338 2378 367 2441 ς
402 2380 467 2425 13
505 2378 611 2427 Nec
632 2377 710 2427 his
738 2378 1026 2444 corporibus,
1057 2382 1141 2444 ξε.
1174 2395 1336 2431 oneru-

277 2455 408 2505 turos
451 2452 662 2517 inquam
715 2455 1027 2520 armatorum]
1055 2456 1186 2507 ·Nec
1242 2457 1341 2509 illis

276 2543 402 2595 corp.
424 2531 557 2580 Lov.
583 2536 628 2580 l.
660 2533 808 2582 Voss.
831 2537 879 2582 1.
915 2538 971 2582 et
997 2533 1149 2585 Leid.
1171 2540 1232 2585 2.-
1255 2551 1340 2587 uec

276 2603 371 2654 hiis
409 2622 543 2670 corp.
575 2607 794 2658 Gaertu.
824 2623 911 2658 uec
942 2608 1005 2668 is,
1040 2610 1093 2658 id
1135 2619 1217 2661 est
1251 2612 1338 2675 iis,

273 2697 398 2746 corp.
432 2685 582 2737 Voss.
603 2688 654 2735 2.
705 2684 838 2734 Tum
860 2685 1168 2737 ueneratur-os
1188 2689 1337 2740 Voss.

281 2760 325 2808 1.
361 2764 417 2808 et
439 2759 571 2809 Lov.
594 2765 642 2810 1.
673 2779 682 2787 ·
708 2760 846 2809 Vide
882 2759 948 2809 ad
983 2774 1062 2811 ιν.
1084 2765 1168 2814 13.
1203 2765 1337 2829 §ltu

278 2833 504 2899 Insuper
543 2850 629 2884 nec
670 2837 797 2886 tueri
832 2838 1062 2901 putrium,
1106 2854 1203 2904 pro
1244 2857 1340 2892 uon

277 2914 402 2965 ruer-⁸·
418 2919 521 2978 pat.
548 2917 739 2995 Loy.5.
772 2916 932 2967 Male.
968 2916 1104 2969 Vide
1127 2919 1192 2969 ad
1211 2933 1338 2970 vm.

278 2991 360 3037 34.
392 2990 421 3054 §
449 2994 529 3040 10.

340 3065 480 3115 Cu».
514 3079 608 3115 ιι..
643 3067 672 3130 §
704 3071 733 3116 1
775 3067 933 3118 Versa
964 3070 1076 3119 iude
1114 3071 1339 3121 adhorta-

276 3139 423 3191 tiones
454 3143 518 3191 ad
549 3158 722 3204 agmen
742 3145 995 3210 juvenum]
1037 3146 1195 3196 Versa
1226 3148 1340 3198 iude

276 3218 513 3268 orationes
535 3219 690 3270 Voss.
712 3224 761 3271 1.
792 3221 932 3272 inter
958 3221 1123 3272 lineas
1145 3223 1338 3274 deiude

280 3294 564 3358 adscripta
586 3302 705 3345 sunt
736 3295 905 3346 litcrae
930 3299 1100 3355 ad,·ut
1125 3299 1195 3348 sit
1225 3301 1339 3349 udo·

279 3372 521 3430 remanes,-
556 3371 606 3421 in
632 3374 865 3436 margine
899 3374 1104 3423 demum
1126 3373 1363 3425 adnota·'

275 3447 549 3505 tum‚alios
572 3448 746 3511 legere
760 3448 1131 3499 adhortationes.
1164 3450 1337 3501 Omis-

278 3537 338 3572 sa
380 3522 735 3588 adspiratione
772 3526 1091 3576 adunationes
1133 3535 1252 3577 erat
1285 3527 1339 3577 iu

280 3600 425 3651 Leid.
461 3606 508 3650 1.
547 3601 610 3649 ad
646 3601 807 3662 iguem
828 3601 1058 3663 juvenum
1094 3602 1244 3654 dedit
1280 3605 1340 3654 li·

279 3676 478 3727 brarius
504 3677 657 3727 Harl.
678 3681 729 3726 2.
795 3678 901 3730 Qui
931 3694 1076 3729 error
1097 3678 1252 3730 facile
1274 3696 1340 3730 ex

282 3752 592 3816 compendio
625 3742 884 3803 scribendi
915 3755 1059 3804 nasci
1083 3756 1275 3818 potuit,
1296 3758 1341 3806 si

278 3831 364 3891 ιξῦ
383 3828 636 3891 scriptum
663 3826 824 3878 fuisse
853 3829 1145 3880 credamus.

343 3906 405 3955 Ιιι
430 3903 721 3968 Capitolium
750 3908 893 3967 utque
921 3905 976 3955 iu
1007 3920 1163 3963 urcem
1181 3922 1343 3972 prose·

282 3978 565 4047 quebautur]
585 3980 746 4042 Atque
766 3994 920 4030 urcem
939 3981 1089 4031 Port.
1112 3990 1167 4032 et
1189 3983 1340 4034 Harl.

284 4063 333 4108 2.
378 4057 504 4113 Sed,
525 4056 730 4105 Livium
755 4057 1151 4119 praepositioues
1174 4057 1340 4123 dupli·

285 4148 397 4184 care
419 4134 630 4183 solitum
659 4129 841 4196 fuisse,
860 4133 1149 4184 videbimus
1171 4135 1236 4184 ad
1258 4150 1342 4185 vr.

287 4213 365 4258 28.
395 4211 424 4275 ξ
446 4214 496 4258 6.
546 4210 623 4258 Ac
645 4208 698 4256 iu
718 4221 877 4257 arcem
903 4209 1056 4262 Voss.
1076 4214 1127 4259 2.
1176 4211 1340 4263 Male.

288 4284 422 4341 Vide
444 4283 511 4335 ad
533 4297 593 4333 x.
614 4286 698 4334 36.
733 4283 763 4348 ἦ
786 4286 867 4333 17.

2293 384 2468 451 7741

1487 540 1633 592 Urbis
1666 557 1755 605 per
1788 541 2019 591 trecentos
2044 541 2300 605 sexaginta
2320 558 2467 594 anuos

1411 620 1624 671 omuibus
1643 621 1776 671 bellis
1795 620 2030 684 victricis]
2054 621 2171 671 Non
2196 620 2470 672 admodum

1415 696 1638 747 rotunda
1672 702 1754 747 est
1785 698 1896 748 hoec
1935 707 2182 748 annorum
2218 707 2474 764 supputa·

1413 773 1510 829 tio,
1530 772 1622 823 sed
1647 787 1707 821 ea
1729 774 1920 837 potius,
1943 789 2060 837 qum
2083 782 2268 838 postea
2291 776 2343 825 in
2367 776 2471 825 Ca·

1414 850 1544 898 milli
1581 850 1816 900 oratione
1858 849 1922 900 ad
1964 849 2120 901 finem
2163 851 2313 914 hujus
2348 852 2471 902 libri

1413 926 1691 977 exhibetur
1732 943 1851 991 cap.
1891 932 1975 980 64.
2022 928 2171 983 ,Erat
2208 930 2344 978 enim
2383 931 2468 981 hic

1414 1002 1483 1053 A.
1523 1004 1593 1053 U.
1627 1005 1689 1054 C.
1723 1017 1947 1055 ccccxv.
2024 1005 2144 1054 Scio
2183 1005 2321 1068 apud
2357 1007 2471 1056 Pli-

1413 1080 1556 1130 ninm
1603 1093 1817 1132 xxxnr.
1853 1087 1901 1133 1.
1968 1082 2074 1144 legi
2134 1082 2468 1133 CCCLXIV.

1414 1167 1473 1208 et
1508 1159 1647 1222 apud
1679 1159 2018 1209 Plutarchum
2053 1159 2106 1208 iu
2134 1159 2241 1208 vita
2265 1159 2470 1211 Camilli

1414 1249 1535 1299 pag.
1558 1239 1671 1286 139.
1696 1236 1947 1285 CCCLX.
1982 1242 2038 1285 at
2066 1235 2329 1286 codicibus
2363 1250 2469 1288 uon

1413 1308 1640 1362 confido.
1676 1310 1818 1361 Glur.
1857 1309 2018 1360 Hunc
2052 1324 2319 1361 numerum
2341 1310 2470 1361 Gla·

1414 1398 1601 1435 reanus
1644 1391 1798 1450 putat
1862 1399 1979 1435 esse
2026 1385 2286 1447 mendose,
2330 1386 2471 1451 quod

1330 1468 1337 1479 ¹
1413 1461 1499 1511 hic
1534 1475 1696 1511 annus
1732 1476 1833 1512 nou
1864 1461 1934 1511 sit
1973 1461 2040 1511 ab
2070 1461 2217 1511 Urbe
2254 1462 2471 1514 conditu

1411 1537 1601 1588 cccxx.
1635 1552 1813 1588 verum
1837 1549 2062 1587 occurs.
2096 1543 2155 1586 ut
2188 1537 2365 1586 Livius
2396 1538 2474 1588 ait

1412 1615 1568 1678 paulo
1589 1621 1707 1678 post
1724 1614 1774 1664 in
1790 1617 2025 1664 oratione
2043 1614 2242 1664 Camilli
2259 1629 2277 1674 ς
2300 1628 2473 1679 neque

1409 1690 1658 1752 iutelligit
1696 1690 1913 1739 Romam
1946 1689 2049 1740 dici
2083 1689 2179 1738 hoc
2218 1704 2354 1739 auno
2385 1706 2473 1753 per

1414 1768 1673 1818 CCCLX.
1695 1781 1841 1816 annos
1853 1765 2064 1815 omuibus
2077 1763 2210 1815 bellis
2225 1766 2470 1816 uictricem

1394 1845 1573 1903 fuisse,
1609 1851 1664 1895 et
1702 1850 1848 1894 reete
1884 1841 2006 1892 dici.
2074 1843 2211 1892 Nam
2237 1855 2266 1889 a
2300 1842 2471 1905 primo

1412 1920 1572 1981 bello,
1616 1919 1771 1985 quod'
1795 1931 1930 1968 anuo
1972 1925 2163 1982 quarto
2215 1917 2283 1966 ab
2323 1917 2470 1967 Urbe

1411 1996 1623 2047 condita
1647 1997 1809 2061 gessit
1844 1995 2111 2055 Romulus,
2144 2002 2205 2044 ut
2239 1995 2316 2044 ait
2344 1995 2471 2044 Dio·

1410 2074 1589 2138 nysius
1614 2075 1646 2122 l.
1668 2087 1734 2123 ιι.
1776 2087 1829 2137 p.
1865 2074 1980 2122 100.
2011 2086 2128 2121 cum
2174 2071 2381 2121 Sabinis
2405 2072 2481 2122 ad

1409 2151 1550 2200 hunc
1586 2150 1707 2200 anni
1747 2156 2085 2199 numerantur
2123 2155 2473 2211 cccnxspost

1412 2234 1586 2277 autem
1622 2227 1918 2288 Camillum,
1952 2241 2069 2276 cum
2095 2226 2311 2275 Romam
2345 2239 2472 2288 cap·

1334 2317 1339 2324 ·
1414 2310 1521 2353 tam
1547 2318 1594 2353 a.
1618 2314 1843 2353 ccccxv.
1873 2302 1968 2365 ait,
1990 2316 2151 2351 annos
2182 2302 2247 2352 ab
2272 2291 2472 2366 origiue

1411 2379 1594 2443 Urbis,
1623 2394 1723 2430 nou
1764 2395 1796 2428 a
1828 2378 1997 2443 prima
2020 2379 2257 2443 victoria,
2294 2391 2472 2426 nume·
2500 2429 2505 2434 ⁴

1414 2470 1569 2508 reret
1604 2470 1913 2522 quamquam
1949 2469 2054 2506 vu.
2075 2459 2158 2507 33.
2215 2455 2474 2506 rhetorice

1411 2534 1505 2595 ait,
1526 2534 1542 2562 ‘
1562 2533 1787 2584 condita
1803 2532 1917 2583 urbi
1935 2534 2184 2598 aqualem
2201 2531 2472 2584 victoriam

1412 2610 1567 2662 esse.’
1613 2609 1655 2673 [⁸
1679 2602 1971 2661 Glareanus
1998 2623 2103 2660 non
2126 2609 2259 2659 dicit
2294 2615 2310 2638 ‘
2329 2622 2474 2658 men·

1412 2687 1536 2736 dose
1550 2686 1595 2749 ;'
1627 2686 1719 2737 sed
1736 2686 1865 2736 dicit
1885 2692 1900 2715 ·
1921 2700 2022 2735 uon
2046 2685 2323 2735 rotundam
2348 2699 2471 2748 sup-

1413 2762 1798 2828 putationem.']
1829 2761 1998 2825 Sigon.
2016 2762 2273 2811 Minorem
2294 2774 2472 2811 nume·

1413 2853 1525 2887 rum
1549 2838 1786 2902 neglexit
1819 2836 2018 2886 Livius.
2082 2832 2297 2885 Certum
2332 2835 2491 2905 enim!
2519 2855 2522 2859 ’

1412 2918 1514 2976 cst,
1562 2912 1630 2963 A.
1687 2913 1757 2962 U.
1797 2913 1858 2963 C.
1903 2923 2160 2962 cccnxrv.
2206 2910 2394 2960 urbem
2439 2926 2473 2960 a

1412 2989 1580 3039 Gallis
1625 2995 1830 3052 captam
1877 3000 2009 3051 esse,
2046 2994 2105 3037 ut
2131 2986 2483 3037 demonstrat·

1412 3065 1697 3129 Dionysius
1735 3063 1859 3113 Hal.
1877 3064 1968 3112 lib.
1985 3077 2023 3112 1.
2071 3078 2123 3126 p.
2143 3067 2224 3113 01.
2274 3071 2332 3112 et
2361 3064 2475 3128 qui·
2520 3082 2537 3099 ν

1413 3143 1533 3192 dem
1577 3140 1683 3206 περὶ
1724 3140 1814 3191 τὰς
1846 3139 2025 3205 θερινὰς
2062 3140 2259 3205 τροπὰς,
2294 3147 2353 3190 ut
2398 3139 2474 3190 ait

1413 3219 1730 3268 Plutarchus
1766 3218 1820 3267 iu
1856 3216 2079 3267 Camillo
2123 3231 2174 3279 p.
2212 3219 2323 3266 137.
2364 3221 2474 3280 post
2532 3264 2539 3270 ,

1409 3295 1736 3357 plenilunium.
1770 3292 1970 3343 Gellius
1993 3305 2047 3342 v.
2070 3296 2150 3341 17.
2186 3293 2360 3341 Livius
2382 3292 2472 3343 lib.

1414 3385 1496 3421 vl.
1529 3371 1698 3421 initio.
1734 3370 1809 3419 Η.
1852 3369 2085 3421 Valesius.
2150 3369 2308 3419 Certe
2347 3369 2477 3418 Gla-

1414 3458 1603 3497 reanus
1625 3447 1726 3512 vel,
1744 3446 1930 3496 vitioso
1961 3445 2233 3496 Plutarchi
2268 3445 2474 3507 codice,

1414 3529 1508 3571 aut
1550 3522 1718 3572 minus
1769 3521 2020 3572 adcurate
2073 3521 2189 3584 ejus
2235 3520 2477 3570 versione

1415 3612 1536 3647 usus
1574 3607 1674 3658 est,
1697 3598 1782 3647 vel
1818 3597 1932 3660 ipse
1971 3611 2153 3660 parum
2194 3596 2475 3661 diligenter

1413 3673 1480 3723 ad
1508 3674 1672 3724 verba
1713 3674 1823 3738 ejus
1858 3670 2130 3731 adtendit3
2166 3671 2294 3720 dicit
2336 3672 2475 3721 euim

1413 3746 1531 3800 me
1548 3751 1642 3809 τὴν
1655 3748 1840 3810 ‘Manu
1859 3747 2083 3810 ἑξήκοντα
2100 3745 2179 3796 καὶ
2197 3746 2476 3811 τριακοσίων

1332 3850 1339 3858 ·
1414 3827 1536 3876 ἑτῶν
1575 3823 1777 3876 πλείονα
1811 3823 1997 3888 βραχὺν
2036 3820 2210 3888 χρόνον
2247 3822 2340 3872 ἀπὸ
2388 3826 2478 3883 τῆς

1412 3902 1614 3953 κτίσεως
1636 3900 1859 3964 ἔχουσαν.
1928 3900 2068 3965 Cepit
2101 3901 2297 3951 Romam
2317 3903 2481 3966 paullo.

1408 3983 1570 4045 plures
1587 3994 1727 4043 quum
1759 3982 1992 4027 trecentos
2022 3977 2280 4040 sexaginta
2308 3993 2478 4041 annos,

1413 4071 1477 4106 ex
1528 4069 1620 4118 quo
1687 4052 1881 4102 conditu
1933 4057 2074 4116 esset,
2134 4060 2477 4103 numerantem.

1415 4130 1602 4182 Paullo
1631 4137 1754 4178 ante
1780 4129 1956 4179 virtuti
1986 4143 2145 4179 eorum
2179 4128 2483 4192 inantemque,-

1416 4205 1844 4271 projuuentoeque,
1879 4206 2007 4255 Lov.
2041 4209 2094 4257 4.
2126 4211 2182 4257 et
2218 4210 2267 4254 6.
2301 4205 2475 4257 virtuti

1414 4298 1574 4334 emm
1594 4283 1785 4334 invicta
1808 4282 1935 4333 Lov.
1958 4285 2006 4332 2.
